3226 5116
497 485 621 550 130.
1113 461 1119 471 ’
1248 500 1722 545 ANGLo-SAXON
1769 500 2033 545 mrum„

491 640 702 705 nivem
730 640 978 718 efficiat,
1012 640 1242 727 quibus
1270 640 1505 726 gaudia
1548 649 1813 706 aeternae
1856 640 1989 752 vite
2032 649 2099 706 et
2127 639 2339 706 dulcia
2367 664 2558 729 super
2588 645 2799 710 omnia

492 768 685 832 mella
713 767 1029 833 sortietur.
1096 797 1102 803 ·

581 894 692 959 Tu
721 894 909 971 enim,
942 892 1237 971 Domine,
1271 893 1613 979 promisisti
1644 895 1930 980 patribus
1958 896 2188 961 nostris
2213 897 2476 1009 Αὶπεὼς.
2510 916 2548 983 7
2567 899 2797 968 ‚Issaac

498 1030 567 1087 et
621 1021 839 1098 Jacob,
888 1020 1296 1085 Introducam
1352 1042 1465 1102 v‚os
1526 1020 1593 1086 in
1670 1030 1902 1087 terram
1972 1023 2492 1109 repromissionis,
2568 1034 2799 1089 terram

498 1146 819 1212 fluentem
840 1148 940 1214 lac
969 1167 1010 1234 7
1048 1146 1195 1224 mel,
1237 1146 1433 1232 imple
1462 1169 1579 1233 pro
1609 1147 2038 1213 misericordia
2087 1158 2199 1214 tua
2226 1171 2457 1234 magna
2485 1149 2625 1214 haec
2653 1172 2798 1235 pro-

498 1273 691 1351 missa
716 1274 784 1338 in
813 1242 996 1339 nobis
1026 1296 1244 1340 eorum
1288 1273 1436 1338 filiis
1480 1273 1900 1360 aliquatenuS,
1933 1284 1999 1340 et
2028 1275 2152 1340 fide
2183 1286 2249 1340 et
2278 1277 2577 1363 operibus
2591 1277 2798 1362 junge

499 1423 616 1468 nos
645 1402 912 1468 famulos
942 1412 1086 1468 tuos
1116 1400 1184 1466 in
1209 1400 1464 1466 Christo
1495 1409 1561 1465 et
1588 1401 1834 1487 Spiritu
1869 1403 2102 1467 Sancto
2134 1403 2232 1467 lac
2263 1412 2330 1468 et
2356 1404 2486 1468 mel
2506 1405 2799 1489 junctum

499 1551 536 1593 e
559 1529 742 1615 cujus
770 1529 1008 1594 ducatu
1025 1527 1410 1613 accipiemus
1437 1526 1789 1612 spelndoris
1820 1528 2160 1593 albidinem
2181 1529 2247 1593 in
2282 1552 2473 1615 quam
2502 1530 2632 1638 vite
2662 1552 2801 1616 pas-

501 1657 741 1722 sionem
794 1679 971 1721 suam
1017 1676 1227 1720 coram
1280 1652 1607 1739 discipulis
1658 1653 1727 1718 in
1777 1664 1991 1719 monte
2052 1656 2534 1741 transfiguratus
2583 1666 2686 1722 est
2736 1666 2803 1722 et

499 1783 898 1849 dulcedinem
937 1792 1200 1848 aeternae
1228 1781 1297 1845 in
1326 1780 1797 1846 resurexionem
1846 1803 2025 1847 suam
2066 1781 2268 1847 fafum
2298 1781 2502 1848 mellis
2531 1804 2803 1847 comme-

498 1910 596 1976 dit
624 1932 928 1997 perquam
956 1909 1096 1975 haec
1124 1908 1360 1988 omnia,
1392 1906 1667 1972 Domine

933 2158 937 2162 “
1100 2117 1124 2134 .
1157 2118 1173 2135 .
1205 2116 1221 2133 .
1254 2116 1271 2133 .
1302 2089 1493 2133 PANIS
1539 2088 1892 2132 ΕηυΜΕΝΤι
1940 2088 2196 2132 NovUM.

593 2203 712 2288 (1.)
764 2200 1063 2276 Benedic‚
1127 2199 1421 2274 Domine,
1476 2208 1542 2263 et
1591 2198 1709 2263 hos
1758 2199 2002 2263 fructus
2051 2219 2245 2262 novos
2289 2219 2450 2279 uvae,
2499 2226 2657 2289 quos
2711 2216 2801 2282 tu,

501 2330 800 2405 Domine,
832 2349 971 2391 rore
1002 2325 1146 2390 coeli
1176 2335 1243 2390 et
1271 2324 1684 2390 inundatione
1727 2324 2085 2411 pluviarum
2130 2333 2197 2389 et
2240 2336 2595 2413 temporum
2641 2352 2807 2397 sere-

505 2452 705 2518 nitate
735 2451 816 2516 ad
861 2449 1290 2515 maturitatem
1341 2449 1688 2536 perducere
1729 2450 2029 2536 dignatus
2071 2474 2157 2528 ea,
2212 2461 2278 2517 et
2328 2441 2558 2523 dedisti
2607 2441 2683 2526 ea
2724 2461 2805 2526 ad

507 2602 662 2646 usus
690 2591 939 2646 nostros
970 2601 1115 2644 cum
1145 2579 1488 2664 gratiarum
1521 2580 1769 2646 actione
1799 2579 2144 2666 percipere,
2164 2580 2231 2643 in
2258 2583 2513 2649 nomine
2544 2585 2804 2651 Domini

507 2707 706 2772 nostri
734 2707 889 2771 Jesu
922 2705 1179 2782 Christi,
1211 2707 1273 2790 p’

524 2850 533 2855 ·
600 2834 717 2918 (2.)
767 2831 926 2908 ebic,
956 2830 1255 2907 Domine,
1303 2840 1660 2895 creaturam
1704 2830 1887 2895 istam
1934 2832 2116 2916 panis
2160 2822 2387 2899 novam
2417 2835 2583 2900 sicut
2610 2839 2805 2903 bene-

511 2957 726 3022 dixisti
786 2958 1068 3046 quinque
1142 2980 1341 3043 panes
1387 2957 1454 3021 in
1498 2944 1749 3022 deserto
1793 2965 1863 3021 et
1913 2958 2072 3022 duos
2121 2959 2330 3045 pisces
2380 2948 2447 3025 et
2496 2983 2577 3025 .u.
2637 2962 2813 3027 milia

509 3086 835 3151 hominum
876 3085 1141 3164 satiasti,
1183 3085 1276 3151 ita
1322 3084 1701 3150 benedicere
1748 3083 2026 3170 digneris
2073 3095 2147 3150 ut
2205 3087 2288 3155 sit
2330 3087 2599 3153 dominis
2640 3090 2698 3173 ej
2707 3112 2809 3154 us-

450 3240 455 3245 ·
508 3213 654 3278 dem
690 3212 1068 3281 habundans
1108 3215 1174 3278 in
1205 3236 1440 3278 annum
1480 3213 1871 3289 alimentum,
1917 3220 2247 3296 gustantes
2292 3214 2402 3300 qui
2432 3237 2511 3281 ex
2542 3236 2618 3280 eo
2647 3202 2814 3280 aoci'-

399 3336 405 3341 ’
507 3343 687 3429 pient
743 3355 874 3408 tam
934 3340 1212 3428 corporis
1272 3361 1462 3425 quam
1521 3338 1750 3403 animae
1816 3337 2167 3416 sanitatem,
2237 3361 2351 3424 per
2411 3350 2494 3418 te,
2555 3341 2812 3407 Christe

509 3468 551 3536 J
552 3493 683 3546 esu,
715 3469 828 3556 ‘qui
858 3489 1084 3553 regnas
1111 3465 1180 3528 in
1211 3463 1448 3529 saecula
1476 3463 1801 3539 saeculum,
1833 3464 1895 3548 p'

601 3605 718 3691 (3.)
796 3601 1072 3668 Domine
1117 3594 1354 3676 sancte,
1402 3596 1599 3661 Pater
1644 3597 2061 3684 omnipotenS,
2122 3599 2443 3665 sanctifica
2484 3581 2703 3686 pomas
2745 3611 2816 3666 et

510 3751 706 3795 nuces
735 3727 1146 3813 nucleosque,
1203 3733 1268 3790 et
1310 3748 1561 3790 omnem
1582 3725 1858 3789 fructum
1887 3727 2180 3789 arborum
2223 3748 2411 3812 quam
2454 3727 2812 3807 herbarum,

512 3858 622 3943 qui
655 3867 766 3922 tuo
804 3853 1069 3942 imperio
1111 3873 1329 3916 ussum
1362 3851 1653 3916 omnibus
1683 3852 1973 3936 praebent
2002 3852 2425 3919 animantibus
2454 3876 2569 3940 per
2619 3865 2660 3922 :-
2705 3879 2821 3940 per

510 4005 700 4073 quem
738 3983 879 4048 haec
909 3979 1119 4047 omnia

1331 4124 1737 4211 nnnssnlc'rlo
1783 4149 2003 4194 wrm.

532 4258 537 4261 Ι
597 4288 714 4373 (1.)
780 4288 1235 4372 Deprecamur,
1269 4279 1564 4357 Domine,
1598 4279 1998 4346 clementiam
2027 4278 2283 4365 pietatis
2314 4290 2445 4347 tuae
2475 4289 2549 4346 ut
2594 4303 2823 4368 aquam
