3226 5116
505 488 626 546 156
1242 503 1710 547 ANGLo-sAxon
1759 504 2024 548 arrum„

513 651 873 706 sanctorum
903 651 1154 706 tuorum
1186 641 1335 705 sede
1366 641 1785 725 requiescant,
1829 663 2107 727 moxque
2138 664 2218 707 ex
2250 643 2521 708 mortuis
2550 646 2829 709 resusci-

518 767 633 831 tati
665 766 1034 851 placeantur
1063 767 1130 830 in
1159 766 1416 850 regione
1446 766 1748 830 vivorum.

602 890 700 953 V’.
747 888 1087 954 Laetamini
1117 890 1182 953 in
1214 889 1512 954 Domino-

1534 1090 1800 1135 ORATIO.

611 1201 727 1285 (1.)
782 1201 1026 1309 Presta,
1083 1221 1447 1285 quesumus,
1503 1202 1799 1281 Domine,
1834 1215 1907 1269 ut
1957 1206 2495 1271 intercedentibus
2546 1203 2829 1268 omnium

517 1325 775 1402 meritis,
810 1326 920 1410 qui
950 1347 1058 1390 ore
1089 1324 1559 1409 continguimus
1588 1348 1751 1412 puro
1781 1327 1968 1391 corde
1999 1328 2342 1413 capiamur,
2375 1350 2491 1413 per

1468 1530 1765 1574 ANTIPHO
1773 1531 1881 1573 NA.

608 1645 726 1729 (1.)
775 1643 901 1707 Via
921 1642 1237 1726 justorum
1256 1650 1430 1706 recta
1450 1643 1618 1709 facta
1644 1653 1760 1720 est,
1790 1652 1856 1708 et
1884 1642 2007 1708 iter
2030 1643 2347 1728 justorum
2396 1649 2828 1728 praeparatum

520 1777 634 1832 est.

606 1893 708 1955 V’.
757 1891 1094 1956 Laetamini
1125 1893 1190 1955 in
1223 1892 1519 1958 Domino,

1535 2072 1802 2115 ORATIO·

610 2186 726 2266 (1.)
781 2185 1157 2249 Sanctorum
1206 2186 1503 2270 suffragia
1552 2186 1981 2270 imploremus,
2021 2195 2094 2249 ut
2142 2208 2181 2250 a
2221 2182 2485 2260 cunctis,
2525 2182 2820 2257 Domine,

517 2309 859 2374 liberemur
889 2309 1164 2389 offensis,
1196 2332 1309 2395 per

1440 2486 1594 2528 ALIA
1640 2484 1904 2528 ORATIO.

1531 2597 1799 2640 ORATIO.

611 2708 728 2791 (1.)
780 2707 1041 2784 Adeste,
1075 2707 1368 2783 Domine,
1417 2706 1940 2792 suplicationibus
1991 2704 2240 2782 nostris,
2288 2726 2448 2789 quas
2475 2703 2540 2766 in
2573 2715 2823 2769 sancto-

516 2852 658 2893 rum
689 2840 940 2893 tuorum
971 2828 1630 2892 commemorationem
1660 2830 2016 2907 deferimus,
2049 2842 2123 2895 ut
2152 2829 2263 2915 qui
2292 2840 2528 2894 nostrae
2549 2828 2825 2913 justitiae

517 2957 811 3021 fiduciam
842 2977 968 3018 non
996 2956 1300 3019 habemus
1331 2975 1549 3018 eorum
1580 2955 1690 3040 qui
1722 2955 1838 3020 tibi
1883 2958 2257 3043 placuerunt
2287 2954 2528 3021 meritis
2558 2955 2818 3039 adjuve-

516 3106 674 3161 mur,
715 3107 827 3170 per

1239 3285 1324 3325 AD
1370 3284 1688 3328 MORTUOS
1732 3283 2091 3326 PLURIMOS.

609 3397 729 3478 (1.)
779 3396 995 3458 Dilexi
1038 3396 1358 3480 quoniam.
1450 3396 1555 3459 Ad
1604 3396 1954 3459 Dominum
2000 3395 2219 3460 levavi.
2320 3399 2424 3462 De
2471 3399 2820 3484 profundis.

517 3521 883 3585 Confitebor
909 3521 990 3606 (?)
1042 3522 1175 3598 tibi,
1208 3521 1502 3597 Domine,
1533 3521 1602 3583 in
1632 3529 1767 3584 toto
1798 3521 1984 3584 corde
2015 3541 2180 3585 mec.
2271 3522 2591 3587 Exaudiet
2620 3568 2637 3586 .
2670 3568 2687 3585 .
2718 3569 2735 3588 .
2770 3571 2788 3587 .

1346 3723 1576 3767 LEc'rlo
1624 3723 1782 3765 num
1814 3749 1830 3765 .
1862 3748 1878 3764 .
1910 3748 1927 3765 .
1959 3748 1975 3764 .

606 3834 723 3918 (1.)
777 3835 863 3898 Et
893 3834 1055 3898 sicut
1084 3835 1151 3897 in
1183 3835 1390 3898 Adam
1422 3856 1639 3897 omnes
1662 3834 2036 3909 moriuntur,
2068 3833 2159 3897 ita
2188 3842 2254 3897 et
2282 3833 2347 3896 in
2374 3833 2631 3898 Christo
2659 3836 2817 3900 Jesu

510 3983 728 4026 omnes
774 3960 1185 4034 vivificantur,
1241 3981 1406 4023 unus
1466 3959 1634 4023 enim
1695 3960 1963 4045 quisque
2026 3960 2094 4022 in
2139 3959 2356 4023 ordine
2413 3982 2529 4024 suo
2586 3961 2653 4024 in
2685 3985 2817 4047 quo

512 4097 772 4152 vocatus
804 4096 918 4162 est,
952 4085 1018 4148 in
1049 4107 1123 4149 eo
1155 4093 1534 4170 permaneat.

603 4214 702 4276 R'.
752 4213 1069 4298 Requiem
1121 4222 1421 4278 aeternam
1475 4212 1641 4276 dona
1700 4211 1811 4287 eis,
1866 4209 2161 4286 Domine,
2224 4219 2291 4273 et
2339 4209 2453 4272 lux
2505 4219 2818 4294 perpetua

511 4342 723 4406 luceat
751 4342 860 4406 eis.
