3226 5116
576 490 700 550 152
1330 506 1801 553 Aucto-suos
1848 506 2111 552 arrum„

1057 761 1397 805 AN'nroNA
1444 763 1530 805 m:
1576 761 1886 806 umam
1932 757 2394 807 ARCHANGELO.

660 878 785 961 (1.)
835 873 1102 952 Mibael,
1154 874 1437 951 Gabriel,
1490 874 1800 959 Rapbael,
1834 875 2164 941 Cherubin
2193 886 2260 941 et
2293 876 2577 955 Serafim,
2610 877 2721 963 qui
2751 898 2881 942 non

567 1011 822 1067 cessant
878 999 1148 1066 clamare
1190 1000 1422 1066 cotidie
1465 1001 1769 1079 dicentes,
1816 1002 2071 1088 Dignus
2114 1025 2203 1081 es,
2254 1003 2549 1081 Domine,
2589 1003 2883 1089 accipere

569 1126 853 1213 gloriam.

658 1252 758 1316 V’.
803 1251 883 1316 In
913 1262 1259 1338 conspectu
1289 1253 1655 1338 angelorum
1686 1252 1953 1339 psallam
1984 1253 2117 1319 tibi.

1566 1459 1863 1505 ommun-

659 1600 779 1686 (1.)
828 1599 1029 1676 Deus,
1064 1598 1176 1684 qui
1206 1597 1365 1662 miro
1402 1596 1641 1673 ordine,
1689 1596 2057 1681 angelorum
2100 1595 2380 1661 misteria
2421 1596 2879 1683 hominumque

567 1724 913 1809 dispensae,
947 1723 1223 1787 concede
1254 1721 1566 1808 propitius
1589 1732 1664 1787 ut
1686 1722 1918 1808 quibus
1939 1722 2056 1788 tibi
2087 1723 2585 1790 ministrantibus
2615 1723 2681 1788 in
2711 1723 2878 1790 coelo

571 1872 823 1939 semper
852 1849 1153 1927 asistitur‚
1186 1852 1266 1916 ab
1296 1849 1395 1915 his
1424 1848 1490 1914 in
1521 1859 1690 1915 terra
1717 1859 1933 1915 nostra
1961 1850 2092 1915 vita
2118 1851 2460 1927 muniatur,
2492 1871 2607 1936 per

1514 2053 1927 2098 ANTIPHONA.

659 2195 778 2281 (1.)
841 2192 1163 2259 Johannes
1214 2189 1540 2255 vocabitur
1596 2209 1828 2252 nomen
1879 2188 2038 2274 ejus,
2099 2195 2166 2251 et
2223 2185 2289 2250 in
2347 2186 2677 2252 nativitate
2735 2188 2880 2273 ejus

566 2321 753 2387 multi
781 2320 1167 2406 gaudebunt.

653 2448 750 2513 V’.
800 2448 951 2532 Ipse
981 2444 1283 2530 preibunt
1303 2450 1452 2506 ante
1481 2440 1664 2504 illum
1694 2439 1762 2503 in
1793 2438 2020 2524 spiritu
2049 2448 2116 2503 et
2143 2438 2377 2503 virtute
2410 2439 2626 2543 Helie.

654 2575 777 2661 (2.)
850 2573 1293 2660 Omnipotens,
1354 2569 1738 2657 sempiterne
1798 2569 2000 2647 Deus,
2073 2568 2157 2633 da
2212 2569 2583 2655 corporibus
2642 2572 2878 2639 nostris

566 2701 741 2770 illam
784 2708 1037 2765 marum
1080 2696 1461 2764 rectitudine
1491 2695 1875 2772 semitarum,
1909 2693 2020 2780 qui
2060 2694 2236 2760 beati
2262 2696 2304 2761 J
2304 2695 2572 2762 ohannis
2599 2698 2876 2766 babtiste

564 2825 633 2891 in
662 2826 912 2893 deserto
941 2845 1066 2888 vox
1095 2821 1428 2888 clamantis
1458 2820 1729 2898 edocuit,
1762 2842 1879 2906 per

1517 3024 1930 3069 ANTIPHONA.

655 3170 775 3256 (1.)
825 3169 1068 3235 Beatus
1122 3166 1353 3231 Petrus
1403 3162 1723 3249 apostolos
1768 3161 1929 3227 vidit
1979 3159 2099 3226 sibi
2147 3158 2472 3226 Christum
2519 3182 2874 3241 occurrere,

563 3297 831 3363 adorans
862 3319 1009 3363 eum
1056 3304 1127 3362 et
1173 3294 1283 3371 ait,
1330 3291 1628 3366 Domine,
1676 3311 1804 3376 quo
1847 3287 2075 3353 vadis?
2163 3288 2370 3354 Venio
2403 3290 2612 3355 Roma
2638 3290 2872 3356 iterum

564 3423 866 3508 crucifigi.

1505 3620 1919 3666 ΔΝΤῙΡΗΟΝΔ.

654 3768 774 3857 (1.)
823 3767 932 3832 Tu
961 3787 1030 3830 es
1064 3765 1314 3841 Petrus,
1338 3772 1405 3827 et
1427 3784 1620 3848 super
1656 3771 1900 3848 petram
1929 3761 2256 3828 aedificabo
2285 3762 2616 3830 ecclesiam
2644 3784 2874 3841 meam,
2938 3839 2943 3843 ,

561 3907 631 3964 et
658 3903 842 4008 porte
870 3890 1102 3957 inferni
1128 3911 1258 3954 non
1286 3889 1705 3976 prevalebunt
1731 3889 2030 3956 adversus
2053 3912 2218 3957 eam.

650 4022 751 4089 V‘.
800 4023 881 4086 In
909 4037 1159 4084 omnem
1188 4025 1421 4082 terram
1452 4014 1669 4080 exivit.

1576 4221 1844 4265 ORATIO·

649 4340 770 4426 (1.)
819 4337 1021 4414 Deus,
1070 4334 1182 4421 qui
1229 4336 1413 4400 beato
1467 4335 1680 4414 Petr0,
1742 4337 2028 4423 apostolo
2073 4347 2204 4416 tuo,
2265 4338 2533 4404 conlatis
2585 4339 2870 4407 clavibus
