3226 5116
527 483 607 541 28
1302 502 1770 547 ANGLo-sAxon
1818 502 2085 547 m'rUAL.

915 647 1031 696 leafa
1235 647 1318 695 aelc
1452 649 1491 706 «β
1623 646 1783 695 acenn'
1864 649 1905 693 is
1959 646 2031 692 fro
2063 644 2178 706 gode
2211 640 2419 689 f'svissess
2491 640 2724 701 middang'
2812 653 2843 701 7

617 710 778 793 (22.)
808 710 1150 786 Carissimi,
1173 731 1357 773 omne
1378 709 1548 794 quod
1568 723 1789 773 natum
1810 720 1908 773 est
1932 730 2012 772 ex
2036 709 2179 771 Deo
2209 705 2404 769 vincit
2434 703 2758 778 mundum,
2780 712 2845 765 et

539 810 645 859 ‘Kios
710 813 751 860 is
862 816 901 873 -β
920 814 1038 876 gisig
1134 812 1216 861 sio
1273 812 1491 860 f'svissess
1575 813 1810 874 middang'
1880 811 2043 874 gileafa
2129 825 2232 859 vsra
2344 808 2502 856 hvoelc
2536 808 2576 855 is
2681 809 2782 869 put'

526 873 666 938 haec
695 884 793 939 est
822 875 1083 940 victoria
1114 898 1258 961 quae
1289 875 1483 939 vincit
1525 875 1860 953 mundum,
1884 875 2040 939 fides
2068 882 2316 948 nostra3
2351 870 2494 956 quis
2512 879 2610 934 est
2632 880 2845 934 autem

527 993 575 1025 se
596 976 660 1025 &e
693 978 883 1026 os'sviss'
946 981 1179 1041 middang'
1243 979 1384 1027 bvtan
1417 977 1480 1025 ze
1494 977 1556 1025 {Se
1588 978 1748 1041 g-nefes
1907 981 1994 1037 §te
2189 976 2295 1023 hael'
2360 975 2400 1022 is
2465 976 2605 1022 bearn
2670 973 2809 1034 godes

552 1041 661 1125 qui
691 1041 886 1107 vincit
915 1044 1221 1106 mundum
1253 1040 1373 1105 nisi
1427 1041 1536 1126 qui
1567 1041 1769 1106 eredit
1800 1040 2094 1126 quoniam
2125 1039 2311 1103 Jesus
2337 1050 2434 1101 est
2464 1036 2631 1100 filius
2662 1035 2806 1099 Dei.

948 1168 1066 1216 leafii
1326 1169 1407 1216 aelc
1591 1168 1692 1230 gefe
1875 1168 2053 1229 gicoren
2221 1179 2252 1227 7
2401 1165 2483 1212 aelc
2651 1162 2778 1225 geafo

621 1232 782 1314 (23.)
850 1231 1193 1307 Carissimi,
1273 1253 1457 1295 omne
1532 1230 1750 1295 datum
1826 1231 2134 1315 optimum
2209 1237 2275 1292 et
2348 1249 2534 1291 omne
2608 1227 2844 1290 donum

601 1334 806 1396 pisfoesto
970 1351 996 1382 o
1180 1336 1255 1382 vsa
1463 1333 1504 1381 is
1602 1333 1655 1381 of
1669 1334 1790 1381 dvne
1813 1334 1871 1381 sti
1928 1334 2019 1380 nde
2093 1333 2164 1379 fro
2268 1332 2409 1379 foeder
2603 1330 2729 1377 lehta

529 1397 880 1481 perfeetum
955 1398 1034 1461 de
1110 1419 1360 1462 sursum
1435 1405 1549 1473 est,
1626 1396 1857 1461 descen
1903 1418 2016 1465 ens
2089 1395 2169 1459 de
2251 1406 2430 1480 patre
2513 1393 2844 1469 luminum,

531 1502 601 1548 aed
625 1501 648 1547 l
669 1500 768 1549 mi&
824 1501 949 1549 isaem
1053 1517 1111 1549 ne
1199 1502 1239 1548 is
1306 1500 1754 1562 of'ymbpoendnise
1803 1516 1862 1546 ne
1964 1498 2343 1560 aethvoerflvnges
2457 1498 2748 1560 f'ascynnvm

561 1564 731 1648 apud
799 1585 985 1649 quem
1024 1585 1152 1626 non
1184 1572 1281 1627 est
1311 1563 1753 1627 transmutatio
1781 1583 1901 1628 nec
1930 1560 2381 1629 vicissitudinis
2410 1559 2804 1625 obumbratio
2828 1583 2845 1635 ;

532 1666 786 1723 lvstvmlice
802 1665 880 1729 (ἒ)
928 1666 1116 1729 gicende
1182 1666 1282 1728 vsig
1348 1666 1490 1728 porde
1588 1663 1780 1712 sossfaest
1861 1668 1950 1725 §te
2004 1681 2060 1711 ve
2084 1664 2149 1711 sie
2278 1663 2413 1711 frvm’
2486 1662 2645 1711 hvoelc
2666 1662 2845 1725 hvoegv

531 1728 882 1793 voluntarie
912 1728 1134 1813 genuit
1177 1750 1292 1792 nos
1322 1730 1514 1792 verbo
1545 1727 1846 1804 veritatis,
1873 1737 1947 1792 ut
1987 1727 2183 1791 simus
2228 1725 2481 1790 initium
2542 1725 2800 1811 aliquod

563 1833 810 1893 gesceaftes
920 1833 993 1909 ¹35⁸

539 1906 848 1960 creaturae
893 1917 947 1980 θ]
958 1917 1047 1959 us.

824 2028 971 2091 puta&
995 2032 1068 2093 gie
1155 2030 1272 2080 bro&
1351 2032 1509 2079 minno
1564 2031 1683 2079 leofa
1698 2031 1721 2077 l
1734 2030 1799 2078 ‘Ea
1816 2030 2003 2077 leofesta
2050 2030 2116 2084 sie
2215 2032 2317 2093 put'
2465 2029 2562 2077 aelc
2674 2044 2813 2076 monn

622 2093 784 2175 (24.)
840 2093 1048 2170 Scitis,
1098 2094 1321 2171 fratres
1366 2094 1491 2158 mei
1564 2092 1975 2175 dilectissimi,
2046 2092 2130 2156 sit
2164 2101 2376 2157 autem
2419 2091 2622 2155 omnis
2656 2092 2844 2155 homo

562 2194 691 2241 hraed
787 2202 836 2241 to
999 2197 1220 2258 giherann
1427 2196 1541 2244 hlaet
1706 2199 1840 2258 put'f
1935 2204 1984 2243 to
2115 2211 2386 2257 spreceanne
2517 2210 2548 2258 7
2680 2194 2780 2242 laett

532 2255 716 2320 velox
775 2257 855 2320 ad
914 2259 1316 2335 audiendum,
1382 2259 1598 2323 tardus
1658 2269 1871 2339 autem
1929 2258 2009 2323 ad
2062 2257 2449 2343 loquendum
2506 2267 2573 2322 et
2630 2258 2847 2323 tardus

549 2369 598 2408 to
682 2359 802 2411 iorre
889 2362 1008 2412 iorra
1061 2360 1199 2409 f'sson
1252 2376 1385 2425 peres
1463 2360 1680 2409 sossf'aest
1766 2362 1905 2487 {des
1957 2377 2017 2408 ne
2146 2359 2373 2423 gipyreass

536 2425 615 2489 ad
662 2424 856 2501 iram3
901 2424 997 2488 ira
1040 2424 1209 2488 enim
1253 2424 1371 2488 viri
1408 2424 1722 2509 justitiam
1838 2423 1896 2487 ei
1940 2445 2067 2486 non
2113 2433 2427 2508 operatur.

898 2563 1025 2610 -bro'
1216 2562 1308 2610 allo
1458 2562 1531 2624 gie
1597 2562 1765 2637 bearno
1797 2562 1946 2637 lehtes
2000 2577 2079 2609 aro
2100 2561 2173 2637 gie
2232 2575 2263 2623 7
2311 2561 2479 2609 bearno
2512 2563 2653 2624 godes
2756 2578 2815 2610 ne

625 2628 788 2710 (25.)
839 2625 1112 2701 Fratres,
1169 2647 1386 2696 omnes
1444 2646 1555 2688 vos
1615 2624 1730 2689 filu
1787 2624 1949 2706 lucls
2002 2633 2176 2705 estis,
2214 2632 2281 2688 et
2338 2624 2453 2687 filii
2512 2625 2657 2703 Dei,
2720 2647 2847 2689 non

558 2729 722 2778 sindon
820 2730 999 2777 naehtes
1085 2745 1144 2776 ne
1166 2742 1231 2777 ωε
1425 2728 1603 2776 ‘Biostra
1850 2725 1990 2774 s'sson
2100 2743 2160 2775 ne
2235 2767 2241 2785 2
2324 2728 2448 2789 slepa
2469 2744 2524 2774 ve
2676 2729 2849 2776 svoelce

539 2814 758 2858 sumus
809 2792 1014 2856 noetis
1064 2813 1274 2877 neque
1326 2793 1764 2866 tenebrarum3
1831 2789 2031 2874 igitur
2081 2811 2209 2854 non
2254 2790 2635 2856 dormiamus
2688 2791 2852 2856 sieut

535 2913 641 2958 aecl
708 2895 823 2943 οὔτο
868 2949 873 2952 Δ
941 2895 1001 2943 ah
1090 2947 1091 2950 Ἴ
1131 2895 1320 2971 gipoeea
1332 2911 1387 2942 ve
1485 2910 1519 2957 7
1579 2893 1807 2955 bihogodo
1862 2910 1917 2940 ve
1941 2893 2007 2941 sie
2103 2949 2108 2952 Δ

541 2969 607 3024 et
658 2958 872 3035 ceteri,
927 2958 1037 3023 sed
1093 2958 1423 3042 wgilemus
1474 2966 1540 3021 et
1598 2955 1791 3020 sobrii
1844 2956 2057 3020 simus.

926 3088 1027 3134 bro'
1218 3100 1274 3133 ve
1353 3082 1418 3131 &a
1431 3082 1495 3131 ‘Be
1539 3084 1693 3143 daeges
1758 3098 1813 3129 ve
1834 3097 1945 3130 aron
2026 3083 2253 3146 bihogodo
2341 3100 2398 3132 ve
2420 3084 2486 3131 sie
2604 3084 2850 3147 gigearpad

628 3152 790 3235 (26.)
841 3150 1113 3224 Fratres,
1189 3169 1305 3212 nos
1372 3146 1481 3231 qui
1554 3144 1681 3209 diei
1753 3167 1971 3209 sumus
2045 3146 2236 3210 sobrii
2311 3146 2525 3223 simus,
2615 3147 2824 3211 induti

537 3253 671 3302 holme
698 3255 845 3316 byrne
902 3253 1087 3316 gileafes
1134 3267 1167 3315 7
1232 3250 1402 3299 ὀι-οὔρι-
1422 3250 1524 3298 Ινῆ·
1609 3265 1644 3312 7
2187 3303 2190 3306 ¹

600 3316 795 3382 lorica
910 3315 1056 3380 fidei
1109 3323 1176 3378 et
1233 3313 1529 3389 caritatis,
1592 3323 1658 3378 et
1715 3312 1898 3398 galea
1943 3311 2183 3377 salutis.

928 3440 1045 3490 bro&
1241 3457 1301 3488 ne
1451 3441 1585 3503 gisaet
1716 3441 1816 3502 vsig
1943 3440 2033 3503 god
2177 3439 2227 3487 in
2346 3440 2466 3488 iorra
2609 3440 2671 3488 ah
2798 3440 2849 3487 in

630 3506 791 3587 (27.)
864 3505 1136 3578 FratreS,
1210 3523 1338 3565 non
1419 3502 1634 3587 posuit
1704 3525 1820 3566 nos
1895 3504 2075 3568 Deus
2162 3502 2230 3565 in
2319 3503 2495 3580 iram,
2590 3503 2703 3567 sed
2783 3502 2849 3566 in

648 3607 865 3654 tosocnis'
886 3607 909 3653 l
1108 3604 1216 3652 hoel’
1324 3603 1445 3660 {Seth
1542 3604 1652 3653 hael’
1866 3606 1974 3653 crist
2233 3605 2376 3653 driht’
2635 3609 2754 3654 vser'

540 3668 1024 3754 adquisitionem
1069 3666 1292 3732 salutis
1336 3688 1451 3752 per
1490 3668 1711 3731 Jesum
1767 3667 2091 3732 Christum
2145 3668 2493 3732 Dominum
2542 3678 2864 3748 nostrum,

539 3771 666 3820 sesse
786 3773 904 3819 dead
1031 3771 1072 3818 is
1161 3771 1228 3817 f'e
1324 3770 1425 3831 vsig
1468 3805 1471 3806 ν
1503 3772 1591 3831 fite
1626 3787 1707 3819 sva
1727 3770 1932 3819 hvoesser
1987 3787 2046 3848 pe
2069 3788 2223 3835 poaeca
2341 3772 2364 3819 1
2529 3787 2587 3836 pe
2610 3773 2733 3835 slepa

542 3834 652 3920 qui
695 3843 981 3898 mortuus
1012 3842 1110 3897 est
1139 3854 1253 3917 pro
1283 3832 1483 3910 nobis,
1517 3842 1591 3897 ut
1708 3833 1840 3898 sive
1944 3834 2277 3919 Vigilemus
2308 3835 2440 3900 sive
2470 3835 2850 3900 dormiamus

571 3938 677 4014 gilio
793 3936 893 3985 mi&
949 3935 1075 3984 zaem
1171 3951 1227 3985 ve
1249 3936 1344 3983 lifia

539 3999 730 4066 simul
773 4021 919 4063 eum
961 3998 1072 4062 illo
1116 3997 1414 4062 vivamus.

925 4126 1024 4173 bro'
1195 4123 1439 4186 gifroefrass
1463 4125 1536 4187 gie
1687 4127 1865 4175 bitvien
1997 4142 2029 4190 7
2128 4126 2378 4191 gitimbrass
2503 4144 2563 4176 on
2585 4129 2644 4177 ba
2664 4128 2787 4177 hal&

630 4189 793 4273 (28.)
845 4188 1116 4261 Fratres,
1165 4186 1574 4272 consolamini
1641 4188 1930 4266 invicem,
1977 4200 2042 4256 et
2094 4191 2406 4258 aedificate
2451 4190 2612 4256 alter
2639 4201 2849 4256 utrum

550 4292 601 4341 in
713 4292 847 4339 criste
976 4289 1085 4337 hael'
1221 4289 1365 4336 driht'
1538 4292 1619 4337 vs?

537 4355 605 4417 in
651 4354 907 4419 Christo
949 4353 1105 4416 Jesu
1151 4352 1428 4415 Domino
1473 4363 1706 4417 nostro.
