3226 5116
533 465 655 526 160
1286 483 1757 528 aucto-saxon
1805 485 2069 529 arrum„

525 620 778 684 ciliatio.
871 618 1016 681 Non
1076 627 1176 682 est
1233 619 1528 684 inventus
1579 621 1805 685 similis
1864 620 1957 684 illi
2020 620 2130 706 qui
2176 629 2574 684 conservaret
2621 619 2835 704 legem

523 746 775 811 excelsi.
873 745 1028 809 Ideo
1078 746 1224 830 jure
1274 745 1532 830 jurandi
1589 746 1743 811 fecit
1800 746 1981 811 illum
2040 745 2358 811 Dominus
2419 767 2702 810 crescere
2761 744 2834 808 in

522 869 773 955 plebem
833 892 1030 937 suam.
1141 873 1645 939 Benedixionem
1705 875 1987 939 omnium
2044 873 2332 959 gentium
2384 872 2562 937 dedit
2607 872 2720 948 illi,
2763 882 2837 936 et

522 1001 973 1060 testamentum
1031 1018 1219 1061 suum
1278 998 1673 1064 confirmavit
1728 1021 1922 1085 super
1980 999 2188 1085 capud
2247 1000 2403 1083 ejus.
2513 998 2835 1082 Cognovit

521 1139 668 1182 eum
698 1119 765 1182 in
794 1121 1319 1188 benedixionibus
1360 1123 1510 1201 suis,
1543 1123 1938 1189 confirmavit
1966 1123 2061 1187 illi
2088 1122 2583 1187 misericordiam
2626 1146 2828 1200 suam,

520 1255 588 1310 et
624 1244 866 1312 invenit
893 1249 1179 1334 gratiam,
1222 1271 1431 1315 coram
1468 1250 1668 1314 oculis
1710 1248 1989 1312 Domini.
2082 1247 2523 1332 Magnificavit
2570 1270 2715 1313 eum
2759 1248 2830 1311 in

520 1384 867 1459 conspectu
894 1397 1116 1460 regum
1146 1384 1213 1440 et
1241 1375 1417 1440 dedit
1444 1374 1538 1438 illi
1568 1394 1864 1440 coronam
1891 1371 2147 1458 gloriae.
2240 1373 2482 1438 Statuit
2511 1373 2603 1437 illi
2632 1381 2831 1437 testa-

523 1508 808 1562 mentum
866 1500 1337 1585 sempiternum,
1398 1509 1465 1563 et
1514 1498 1692 1563 dedit
1748 1497 1843 1560 illi
1908 1496 2327 1560 sacerdotium
2393 1519 2692 1582 magnum
2764 1507 2835 1561 et

522 1622 906 1690 beatificavit
932 1623 1112 1687 illum
1141 1624 1207 1687 in
1236 1623 1454 1708 gloria.
1549 1622 1774 1707 Funge
1812 1621 2162 1686 sacerdotio
2208 1634 2274 1687 et
2311 1624 2542 1690 habere
2577 1623 2832 1687 laudem

521 1751 588 1815 in
647 1751 901 1816 nomine
952 1751 1171 1837 ipsiu&
1228 1766 1296 1816 et
1341 1752 1565 1817 offerre
1617 1750 1714 1815 illi
1764 1751 2093 1816 incensum
2139 1749 2402 1835 dignum
2449 1749 2516 1813 in
2575 1750 2833 1814 odorem

523 1876 868 1941 suavitatis.

1383 2050 1461 2129 ›1‹
1503 2067 1591 2109 An
1638 2047 1990 2111 COMPLssn’.

617 2187 735 2268 (1.)
785 2184 1141 2249 Animabus
1200 2206 1587 2270 quaesumUS,
1645 2185 1940 2260 Domine,
1991 2183 2371 2249 famulorum
2429 2187 2837 2252 famularum-

527 2329 670 2394 que,
703 2307 813 2383 ill’,
846 2305 1046 2371 oratio
1087 2306 1375 2391 proficiat
1403 2307 1874 2392 suplicantium,
1908 2318 1982 2373 ut
2012 2331 2118 2373 eas
2148 2321 2214 2374 et
2244 2332 2283 2375 a
2311 2312 2587 2396 peccatis
2615 2334 2838 2390 exuas„

525 2441 593 2496 et
621 2442 752 2496 tuae
781 2431 1234 2517 redemptionis
1263 2431 1453 2496 facias
1483 2454 1623 2497 esse
1654 2433 2014 2519 participes,
2047 2457 2161 2519 per

485 2614 498 2626 .
614 2563 692 2642 ›1‹
736 2558 890 2621 Nim
921 2555 1032 2623 bat
1059 2556 1325 2643 godspel
1351 2556 1466 2622 her
1495 2580 1578 2623 on
1607 2558 1800 2624 nioba
1825 2560 2032 2647 priten
2063 2560 2119 2624 is

615 2685 713 2746 R’.
761 2683 932 2747 Ecce
963 2682 1257 2747 sacerdos
1285 2703 1572 2767 magnus.

612 2809 711 2870 V’.
759 2807 1011 2871 Nomen
1043 2806 1357 2870 inventus·

613 2928 754 2991 AL'.
803 2926 1056 2992 Invenit
1085 2926 1280 2991 Davit
1311 2930 1447 2990 ser'.

839 3152 1175 3202 SEQUITUR.
1220 3132 1332 3195 sc'1
1379 3134 1702 3195 EVANGEL’
1748 3152 2114 3197 SECUNDUM
2157 3154 2521 3200 MATHEUM.

617 3268 734 3352 (1.)
785 3266 864 3329 In
908 3264 1019 3329 illo
1063 3273 1347 3349 tempore
1398 3262 1562 3327 dixit
1603 3264 1793 3328 Jesus
1829 3264 2158 3351 discipulis
2203 3268 2352 3332 suis.
2444 3269 2609 3344 Quis
2653 3279 2846 3355 putas

526 3402 625 3457 est
667 3390 871 3455 fidelis
919 3411 1138 3454 servus
1190 3398 1256 3452 et
1308 3389 1603 3472 prudenS,
1664 3411 1854 3474 quem
1908 3391 2237 3457 constituit
2290 3393 2606 3458 Dominus
2653 3415 2851 3479 supra

524 3516 826 3582 familiam
872 3535 1070 3589 suam,
1110 3523 1185 3578 ut
1227 3514 1336 3578 det
1374 3512 1502 3577 illis
1549 3515 1781 3599 cybum
1827 3514 1895 3580 in
1940 3526 2241 3603 tempore.
2334 3521 2576 3585 Beatus
2622 3542 2846 3585 servus

520 3642 651 3718 ille,
712 3661 902 3727 quem
949 3639 1314 3705 convenerit
1370 3639 1687 3704 Dominus
1746 3642 1902 3725 ejuS,
1966 3642 2280 3708 invenerit
2340 3645 2433 3710 sic
2490 3646 2846 3711 facientem.

529 3768 738 3831 Amen
769 3765 910 3829 dico
940 3764 1117 3829 vobis
1149 3765 1445 3850 quoniam
1476 3787 1669 3849 super
1708 3766 1920 3830 omnia
1946 3768 2112 3831 bona
2143 3789 2260 3832 sua
2289 3768 2635 3834 constituet
2676 3791 2846 3834 eum.

617 3892 735 3976 (2.)
786 3891 935 3956 O’o.
984 3890 1223 3954 Beatus
1253 3911 1471 3955 servus
1502 3913 1713 3976 quem.

618 4019 736 4102 (3.)
790 4019 1213 4092 SummenteS,
1272 4016 1566 4095 Domine,
1633 4019 1865 4103 gaudia
1922 4020 2309 4131 sempiterne
2366 4018 2850 4106 participatione

532 4144 924 4221 sacramenti,
957 4152 1192 4255 presta,
1229 4142 1602 4228 quessimus‚
1640 4154 1714 4208 ut
1743 4145 1930 4223 beati,
1963 4146 2045 4223 il',
2083 4146 2453 4211 confessoris
2506 4146 2620 4222 tui,
2666 4144 2767 4229 cuj
2775 4166 2852 4208 us

528 4268 825 4335 natalicia
854 4271 1136 4348 colimus,
1169 4269 1464 4356 precibus
1494 4271 1883 4355 adjuvemur,
1917 4294 2031 4358 per
