3226 5116
535 525 653 586 186
1294 541 1760 586 mmo-suom
1810 541 2075 585 arrum..

528 676 624 739 V'.
673 677 734 740 A
781 677 930 742 solis
960 686 1125 743 ortu.
1222 679 1320 743 R'.
1373 679 1542 744 Ecce
1587 679 1764 765 virgo
1810 678 2140 765 concipiet.
2233 680 2330 743 V'.
2379 678 2636 744 Tollite.
2729 676 2831 739 R'.

530 801 830 879 Obsecro,
885 803 1180 869 Domine.
1273 806 1370 870 V’.
1419 808 1479 870 A
1513 805 1664 871 solis
1703 817 1866 872 ortu.
1976 808 2072 872 R’.
2110 807 2444 872 Laetentur
2475 805 2636 872 coeli.
2727 803 2828 865 V'.

531 929 701 996 Ecce
730 929 1102 996 dominator.

617 1058 737 1141 (2.)
789 1057 868 1121 IN
901 1078 1254 1124 nanninus.
1346 1062 1444 1124 A’.
1479 1060 1688 1126 Inilla
1714 1060 1836 1126 die.
1931 1063 2029 1126 A'.
2060 1061 2435 1128 Jocundare.
2528 1060 2625 1123 A’.
2659 1033 2832 1121 Ecce

528 1184 846 1250 Dominus
905 1185 1134 1251 veniet.
1226 1187 1322 1249 A'.
1372 1184 1612 1250 Omnes
1664 1185 1950 1250 scientes·
2061 1187 2160 1250 A'.
2209 1185 2378 1250 Ecce
2417 1183 2627 1249 veniet
2684 1204 2832 1268 pro·

527 1311 737 1398 pheta.
830 1312 927 1376 V'.
978 1311 1218 1379 Emitte
1250 1332 1502 1396 agnum,
1539 1311 1833 1378 Domine.
1927 1314 2024 1377 A'.
2062 1312 2338 1398 Spiritus
2369 1321 2642 1378 sanctus.
2733 1310 2832 1372 A’.

532 1442 634 1507 Ne
682 1441 924 1518 timeas,
978 1440 1205 1506 Maria.
1316 1440 1413 1504 A'.
1463 1441 1734 1516 Betlem‚
1778 1461 1905 1505 non
1949 1462 2018 1506 es
2063 1439 2337 1505 minima.
2455 1440 2555 1504 R’.
2604 1436 2839 1503 Hieru-

531 1568 726 1633 salem
790 1569 935 1632 cito.
1029 1566 1122 1628 V'.
1176 1564 1434 1641 Israhel,
1495 1565 1548 1630 si
1607 1587 1710 1630 me
1754 1564 2048 1631 audieris.
2143 1567 2242 1631 R’.
2292 1564 2459 1629 Ecce
2522 1564 2838 1629 Dominus

529 1693 742 1757 veniet
789 1701 855 1756 et
902 1712 1119 1756 omnes
1183 1691 1400 1756 sancti.
1513 1691 1606 1754 V'.
1655 1693 1718 1755 A
1764 1691 1915 1755 solis
1968 1701 2130 1758 ortu.
2260 1694 2360 1758 R'.
2410 1692 2839 1768 Hierusalem,

533 1840 739 1903 surge.
830 1818 926 1880 V'.
963 1816 1138 1882 Leva
1181 1817 1247 1881 in
1277 1817 1565 1882 circuitu.
1662 1817 1756 1881 R’.
1792 1816 2032 1883 Civitas
2060 1818 2430 1885 Jerusalem.
2523 1817 2620 1880 V'.
2669 1816 2843 1880 Ecce

532 1947 902 2012 dominator.
1013 1945 1111 2009 R’.
1163 1944 1331 2009 Ecce
1386 1944 1597 2008 veniet
1656 1943 1989 2009 Dominus.
2112 1944 2206 2007 V’.
2252 1944 2420 2009 Ecce
2465 1942 2844 2007 dominator.

536 2075 634 2137 R’.
692 2072 874 2138 Sicut
931 2081 1147 2136 mater.
1256 2071 1353 2133 V'.
1404 2069 1585 2135 Deus
1642 2090 1680 2134 a
1735 2068 1998 2134 Libano.
2112 2069 2207 2133 R’.
2255 2069 2607 2134 Jerusalem
2659 2067 2850 2154 plan-

535 2199 715 2265 tabis.
835 2199 931 2261 V'.
980 2197 1159 2262 Deus
1220 2218 1258 2261 a
1318 2195 1582 2261 Libano.
1695 2195 1794 2258 R'.
1842 2194 2224 2280 Egredietur
2283 2196 2620 2261 Dominus.
2740 2197 2846 2260 V'.

536 2326 717 2390 Deus
748 2348 786 2390 a
817 2325 1081 2391 Libano.
1176 2326 1273 2391 R'.
1324 2326 1468 2392 Rex
1499 2335 1716 2391 noster
1746 2324 1988 2389 adveni.
2080 2325 2176 2388 V'.
2223 2325 2392 2390 Ecce
2423 2349 2624 2411 agnus
2656 2326 2802 2391 Dei.

628 2452 746 2534 (3.)
800 2450 879 2513 IN
913 2471 1260 2516 Launmus.
1352 2453 1451 2516 A’.
1487 2451 1655 2516 Ecce
1686 2450 1752 2515 in
1773 2451 2095 2516 nubilibus
2125 2451 2288 2517 coeli.
2383 2452 2479 2516 A’.
2516 2454 2686 2519 Urbs
2716 2456 2849 2519 for-

535 2580 841 2645 titudinis.
933 2584 1029 2646 A’.
1065 2582 1234 2648 Ecce
1257 2584 1594 2668 apparebo.
1687 2582 1787 2645 A'.
1835 2581 2100 2646 Montes
2131 2590 2196 2646 et
2225 2581 2436 2646 colles.
2528 2584 2628 2646 A'.
2675 2582 2852 2647 Ecce

539 2705 857 2770 Dominus
887 2717 1117 2771 noster.
1211 2711 1306 2771 A'.
1334 2709 1540 2793 Super
1562 2707 1792 2772 solium
1817 2707 2044 2772 David.
2137 2708 2233 2771 A'.
2270 2707 2472 2773 Beata
2501 2730 2587 2785 es,
2617 2709 2851 2774 Maria.

1639 2902 1762 2951 111⁸.

629 3017 746 3100 (1.)
798 3016 894 3079 A'.
960 3016 1107 3079 Non
1139 3015 1462 3080 auferetur
1493 3026 1832 3102 sceptrum.
1931 3019 2028 3081 R'.
2079 3021 2254 3084 Ecce
2306 3021 2656 3103 apparebit.
2751 3022 2852 3086 V'.

543 3143 712 3209 Ecce
743 3143 1117 3208 dominator.
1210 3144 1309 3208 R'.
1345 3144 1596 3210 Betlem
1628 3145 1865 3211 civitas.
1959 3147 2058 3211 R'.
2107 3145 2288 3212 Deus
2318 3169 2357 3211 a
2389 3146 2653 3211 Libano.
2748 3145 2854 3210 R'.

543 3271 676 3347 Qui
704 3280 1008 3335 venturus
1062 3281 1175 3335 est.
1289 3271 1385 3335 V'.
1436 3272 1492 3335 E
1525 3272 1704 3336 Xion
1749 3272 2010 3359 species.
2109 3274 2205 3338 R’.
2258 3273 2524 3359 Suscipe
2566 3273 2852 3337 verbum.

549 3399 649 3463 V'.
699 3398 838 3463 Ave
894 3397 1122 3463 Maria.
1218 3398 1314 3462 R'.
1365 3398 1599 3485 Egipte
1651 3399 1800 3464 noli.
1892 3400 1988 3465 V'.
2038 3401 2206 3466 Ecce
2259 3402 2628 3468 dominator.
2750 3405 2857 3467 R'.

551 3526 760 3611 Prope
784 3533 897 3590 est.
990 3525 1086 3588 V‘.
1120 3525 1253 3600 Qui
1283 3537 1587 3591 venturus
1619 3539 1733 3593 est.
1812 3529 1912 3593 R'.
1946 3528 2312 3595 Descendet
2332 3530 2663 3594 Dominus
2754 3530 2861 3593 V’.

555 3653 611 3716 E
644 3652 841 3716 Xion.
956 3651 1056 3715 R’.
1105 3651 1290 3729 Veni,
1330 3653 1627 3732 Domine,
1684 3664 1749 3719 et
1795 3655 1942 3718 noli.
2036 3656 2136 3718 V’.
2185 3657 2248 3719 A
2302 3655 2451 3720 solis
2496 3663 2658 3720 ortu,
2755 3653 2859 3717 R'.

555 3777 831 3842 Docebit
860 3801 994 3842 nos.
1085 3778 1183 3842 V'.
1231 3778 1289 3842 E
1322 3778 1519 3843 Xion.

1479 3981 1553 4024 IN
1600 3981 1949 4028 LAUDIBUS.

650 4120 771 4204 (1.)
819 4117 919 4181 Α’.
967 4113 1199 4180 Veniet
1240 4114 1575 4183 Dominus,
1665 4120 1764 4182 A'.
1810 4118 2162 4184 Jerusalem
2211 4121 2435 4206 gaude.
2528 4122 2626 4187 A'.
2675 4121 2868 4189 Dabo

555 4245 620 4308 in
679 4244 850 4310 Sion.
941 4246 1043 4309 A’.
1094 4242 1352 4310 Montes
1399 4255 1465 4309 et
1518 4267 1735 4311 omnes
1781 4246 1993 4313 colles.
2087 4249 2187 4313 A’.
2235 4248 2417 4314 Juste
2450 4256 2515 4315 et
2544 4247 2666 4334 pie.
2760 4251 2863 4313 A'.

555 4372 875 4437 Johannes
908 4380 1139 4435 autem.
1232 4374 1329 4436 A'.
1378 4373 1486 4436 Tu
1517 4395 1585 4437 es
1618 4373 1728 4458 qui
1758 4383 2061 4439 venturus
2094 4398 2180 4440 es,
