3226 5116
1135 543 1602 587 ANGLo-SAon
1652 544 1915 587 mrum..
2563 528 2679 588 141

1100 835 1356 891 LECTIO,
1404 816 1533 878 LIB’
1580 834 1965 880 SAPIENTIAE.

398 1071 401 1074 Ι
473 986 590 1071 (1.)
637 986 678 1050 J
680 994 861 1050 ustus
891 1006 999 1050 cor
1029 1005 1215 1048 suum
1247 982 1454 1047 tradet
1491 982 1572 1046 ad
1615 980 2005 1066 vigilandum
2044 982 2324 1048 diluculo
2354 981 2435 1046 ad
2464 980 2688 1045 Domi-

379 1134 532 1177 num
582 1113 692 1198 qui
738 1112 889 1178 fecit
941 1110 1142 1188 illum,
1199 1121 1266 1175 et
1316 1109 1382 1173 in
1437 1117 1785 1194 conspectu
1839 1110 2153 1176 Altissimi
2204 1110 2683 1196 deprecabitur3

381 1239 622 1325 aperiet
661 1261 732 1304 os
785 1261 970 1303 suum
1018 1238 1086 1302 in
1134 1236 1435 1313 oratione,
1479 1245 1546 1301 et
1586 1259 1703 1323 pro
1750 1237 1999 1303 dilectis
2052 1238 2182 1303 suis
2226 1237 2684 1324 deprecabitur.

384 1367 455 1431 Si
498 1367 665 1433 enim
711 1366 1028 1432 Dominus
1071 1387 1339 1450 magnus
1382 1364 1671 1443 voluerit,
1704 1366 1932 1451 spiritu
1961 1365 2384 1475 intelligentie
2416 1365 2687 1452 replebit

378 1494 578 1571 illum,
626 1502 692 1559 et
741 1493 879 1580 ipse
922 1503 1224 1578 tanquam
1264 1492 1498 1557 imbres
1545 1494 1755 1559 mittet
1795 1495 2159 1581 eloquentia
2198 1494 2509 1601 sapienti?
2546 1512 2683 1589 sue,

382 1628 449 1684 et
477 1619 544 1682 in
575 1619 857 1685 oratione
888 1640 1005 1683 sua
1033 1617 1437 1684 confitebitur
1466 1617 1765 1696 Domino,
1814 1628 1880 1684 et
1921 1619 2060 1705 ipse
2089 1619 2319 1705 diriget
2348 1618 2685 1684 concilium

380 1756 447 1811 et
503 1746 899 1832 disciplinam
947 1745 1236 1841 doctrine
1289 1746 1446 1831 ejuS,
1507 1754 1576 1810 et
1635 1747 1894 1812 secretis
1952 1748 2091 1833 ejus
2141 1749 2442 1813 advertet.
2535 1747 2683 1832 Ipse

381 1875 807 1941 manifestabit
857 1873 1255 1960 disciplinam
1303 1873 1610 1939 doctrinae
1670 1876 1827 1960 ejuS,
1889 1885 1955 1941 et
2012 1875 2079 1939 in
2129 1876 2272 1961 lege
2324 1875 2684 1940 testamenti

382 2001 644 2066 Domini
700 1999 1086 2086 gloriabitur.
1179 1999 1672 2065 Conlaudabunt
1729 2001 1915 2067 multi
1975 2001 2349 2087 sapientiam
2408 2003 2564 2087 ejus,
2621 2018 2687 2067 et

384 2150 585 2214 usque
623 2127 691 2190 in
722 2127 1006 2192 seculum
1036 2148 1163 2190 non
1193 2120 1531 2205 delebitur,
1559 2149 1680 2193 nec
1712 2129 1969 2194 recedat
2011 2129 2375 2195 memoriam
2416 2128 2572 2213 ejus,
2620 2139 2685 2193 et

380 2277 608 2321 nomen
639 2256 694 2341 ej
703 2278 776 2320 us
806 2254 1164 2341 requiretur
1193 2254 1259 2319 in
1287 2245 1778 2341 generationem.

575 2548 966 2600 SEQUENTIAE
1013 2549 1240 2595 SANCTI
1287 2549 1646 2594 EVANGELII
1693 2548 2058 2594 SECUNDUM
2101 2550 2136 2595 J
2140 2550 2328 2596 OHAN
2334 2552 2378 2596 N
2382 2554 2497 2599 EM.

475 2710 590 2796 (1.)
641 2709 721 2773 In
750 2709 859 2772 illo
890 2718 1173 2793 tempore
1203 2706 1366 2771 dixit
1407 2707 1448 2771 J
1450 2728 1595 2771 esus
1631 2674 1959 2792 discipulis
2006 2706 2156 2784 suis,
2190 2708 2469 2794 Vigilate
2512 2734 2682 2798 erg0,

383 2836 533 2922 quia
561 2836 819 2902 nescitis
849 2858 976 2922 qua
1003 2835 1160 2899 hora
1190 2833 1507 2899 Dominus
1537 2843 1747 2899 vester
1774 2844 2079 2900 venturus
2119 2835 2231 2914 sit;
2272 2837 2432 2904 illud
2471 2851 2684 2907 autem

383 2964 626 3042 scitote,
680 2964 849 3050 quod
891 2965 945 3028 si
991 2962 1182 3028 sciret
1220 2962 1673 3048 paterfamilias
1714 2983 1842 3048 qua
1883 2963 2039 3028 hora
2076 2963 2180 3027 fur
2223 2974 2528 3032 venturus
2567 2979 2683 3048 est,

378 3091 667 3178 vigilaret
706 3090 928 3177 utique
973 3097 1039 3153 et
1083 3108 1213 3151 non
1257 3087 1493 3152 sineret
1525 3087 1770 3173 perfodi
1814 3087 2070 3152 domum
2116 3112 2313 3179 suam.
2403 3093 2684 3181 Ideoque

382 3228 448 3283 et
475 3240 585 3283 vos
616 3226 817 3282 estote
848 3213 1069 3302 parati,
1105 3212 1257 3299 quia
1298 3212 1556 3277 nescitis
1603 3233 1730 3298 qua
1771 3211 1926 3277 hora
1974 3213 2174 3285 Filius
2216 3218 2489 3285 hominis
2533 3244 2686 3287 ven-

380 3356 560 3410 turus
612 3354 726 3410 est.
816 3342 982 3420 Quis
1028 3349 1216 3428 putas
1263 3362 1403 3405 esse
1455 3338 1659 3405 fidelis
1712 3362 1931 3406 servus
1983 3350 2050 3406 et
2099 3344 2428 3427 prudens?
2495 3370 2684 3433 quem

379 3472 708 3538 constituit
763 3469 1080 3535 Dominus
1140 3490 1293 3533 suus
1367 3489 1559 3553 super
1621 3466 1920 3532 familiam
1983 3491 2186 3549 suam,
2259 3482 2332 3538 ut
2388 3474 2498 3541 det
2556 3476 2683 3542 illis

377 3602 608 3687 cybum
639 3599 706 3664 in
738 3609 1037 3685 tempore.
1130 3597 1371 3662 Beatus
1415 3595 1525 3660 ille
1567 3617 1785 3660 servus
1818 3618 2007 3682 quem
2054 3601 2417 3666 convenerit
2459 3604 2685 3669 Domi·
2782 3684 2787 3688 ¹

377 3751 499 3793 nus
550 3728 689 3813 ejus
738 3725 1051 3792 invenerit
1109 3723 1199 3789 sic
1258 3723 1633 3799 facientem;
1690 3724 1917 3801 Amen,
1961 3724 2103 3791 dico
2159 3728 2332 3793 vobis
2385 3731 2683 3815 quoniam

379 3879 569 3943 super
598 3855 806 3921 omnia
835 3857 1003 3920 bona
1030 3852 1376 3919 constituet
1401 3873 1565 3916 eum.

472 4012 588 4095 (2.)
640 4006 1088 4075 Benedixionis
1115 4015 1265 4082 tuae,
1297 4003 1592 4081 Domine,
1626 4003 2056 4070 intercedente
2085 4006 2273 4070 beato
2304 4008 2679 4089 confessore,

380 4135 481 4199 vel
523 4143 813 4220 martyre,
858 4135 959 4200 vel
1004 4133 1289 4219 apostolo
1333 4142 1464 4210 tuo,
1518 4131 1648 4208 illo,
1703 4131 2136 4217 suscipiamus,
2184 4143 2262 4198 ut
2305 4135 2486 4218 cujus
2511 4125 2683 4242 Ῥτς-

381 4260 688 4326 veniendo
727 4261 988 4346 gloriam
1033 4263 1440 4340 celebramus,
1493 4263 1632 4348 ejus
1679 4260 2094 4347 supplicando
2142 4262 2448 4328 auxilium
2489 4263 2684 4329 senti-

381 4410 579 4465 amus,
614 4405 727 4474 per
