3226 5116
595 491 716 554 166
1347 509 1817 554 Anemo-simon
1867 511 2133 554 mrum„

1322 650 1412 698 *δατ
1495 652 1632 699 arlico
1707 650 1931 714 gibet-gaii
2003 651 2232 714 lofsongas

1326 714 1427 778 'l'e
1471 736 1656 779 mane
1688 714 1949 780 laudent
1977 715 2273 790 carmina,

1338 815 1427 864 Sec
1546 834 1597 864 ve
1619 817 1843 878 gibiddaz
1974 818 2164 865 esculice

1332 880 1433 945 Te
1476 880 1891 965 deprecamur
1932 902 2213 965 vespere,

1334 981 1425 1030 Sec
1512 998 1619 1031 vara
1761 984 2010 1046 gicvaemlic
2105 984 2274 1046 pvldvr

1335 1045 1436 1110 Te
1465 1055 1683 1111 nostra
1754 1047 2027 1131 supplex
2087 1046 2289 1131 gloria

1315 1146 1437 1194 berh
1556 1149 1648 1196 alle
1778 1148 1990 1211 gibet-ia&
2059 1149 2251 1212 porvlde

1326 1210 1452 1274 Per
1497 1223 1729 1277 cuncta
1773 1212 1990 1277 laudat
2032 1213 2263 1278 secula.

2369 1297 2599 1362 Amen.

680 1480 799 1564 (1.)
850 1478 1273 1565 Omnipotens
1303 1479 1486 1545 Deus
1516 1502 1634 1546 sua
1656 1490 1767 1546 vos
1797 1481 2133 1546 clementia
2159 1481 2509 1558 benedicat,
2542 1491 2607 1545 et
2637 1503 2901 1546 sensum

586 1606 762 1670 vobis
793 1605 1106 1716 sapientie
1136 1605 1428 1671 salutaris
1457 1606 1769 1672 infundat.
1860 1609 2094 1672 Amen.

678 1731 795 1817 (2.)
848 1729 1183 1832 Catholice
1232 1731 1381 1796 fidei
1433 1756 1545 1798 vos
1596 1734 1995 1799 documentis
2054 1734 2349 1811 enutriet⁹
2410 1743 2476 1799 et
2532 1733 2599 1797 in
2659 1732 2902 1798 sanctis

585 1856 881 1941 operibus
911 1878 1022 1921 vos
1052 1860 1543 1942 perseverabiles
1573 1860 1813 1925 reddat.
1906 1861 2138 1925 ΑΜΕΝ.

674 1984 793 2068 (3.)
843 1984 1119 2048 Gressus
1147 1994 1392 2050 vestros
1443 1987 1523 2050 ab
1554 2007 1767 2050 errore
1811 1997 2154 2063 convertat,
2204 1996 2269 2052 et
2312 1985 2479 2051 viam
2510 1985 2687 2050 vobis
2717 1986 2903 2070 pacis

583 2118 649 2173 et
700 2109 979 2173 caritatis
1026 2110 1337 2174 ostendat,
1425 2111 1618 2185 Quod
1678 2111 1817 2197 ipse
1876 2123 2158 2198 prestare
2206 2113 2522 2198 dignetur,
2586 2081 2695 2197 qui
2747 2133 2899 2177 cum

589 2236 780 2300 Patre
832 2245 899 2301 et
961 2236 1204 2322 Spiritu
1267 2238 1501 2303 Sancto
1550 2238 1707 2303 vivit
1757 2250 1824 2305 et
1879 2240 2204 2324 gloriatur,
2267 2240 2451 2305 Deus
2510 2260 2624 2324 per
2682 2237 2904 2302 omnia

585 2362 799 2427 secula
828 2361 1204 2428 seculorum.

1185 2569 1424 2633 onginnass
1556 2571 1857 2620 heafvdcvido
1941 2581 1992 2620 to
2135 2569 2226 2634 p¹m

1134 2652 1487 2698 INCIPIUNT
1529 2655 1871 2700 CAPITULAE
1918 2656 2003 2698 AD
2049 2655 2340 2698 PRIMAM.

879 2794 1022 2842 faeder
1117 2799 1237 2843 vser'
1366 2795 1437 2844 ὃν
1500 2797 1588 2845 ιιι-5
1648 2800 1700 2847 in
1763 2800 1928 2847 heosn?

678 2857 797 2940 (1)
850 2857 1042 2921 Pater
1071 2868 1302 2934 noster,
1336 2860 1446 2943 qui
1505 2882 1573 2924 es
1634 2861 1702 2924 in
1762 2862 1937 2926 coelis

717 2974 751 3023 Ἰ
824 2958 893 3007 ’δν
946 2959 1029 3007 laes
1051 2960 1152 3023 vsig
1201 3023 1215 3036 ⁵
1259 2962 1423 3024 gilaede
1492 2963 1551 3038 ‘in
1704 2972 1918 3038 costvnge

678 3022 766 3086 Et
826 3044 906 3087 ne
993 3045 1110 3087 nos
1197 3025 1461 3090 inducas
1489 3047 1556 3088 in
1588 3035 2087 3111 temptatlonem.

869 3126 928 3173 ah
1042 3127 1136 3175 ales
1233 3129 1335 3190 vsig
1388 3129 1504 3178 from
1601 3130 1695 3191 yfle

681 3190 776 3253 R'.
829 3189 954 3253 Sed
985 3189 1184 3254 libera
1225 3212 1340 3255 nos
1429 3214 1468 3255 a
1553 3192 1738 3255 malo.
1773 3224 1776 3225 ⁷

835 3383 838 3386 ἢ
900 3325 995 3372 lifia
1104 3325 1228 3373 savel
1324 3325 1421 3373 min
1486 3339 1520 3388 ‘1
1609 3325 1621 3336 '
1657 3325 1782 3386 ergia

684 3387 801 3475 (2.)
851 3388 1028 3451 Vivit
1059 3387 1268 3452 anima
1295 3409 1437 3451 mea
1467 3399 1532 3453 et
1602 3388 1784 3451 auda'

803 3525 844 3571 ic
892 3523 1099 3571 ‘dvolade
1198 3539 1292 3571 svae
1392 3523 1487 3585 scip
1596 3522 1680 3570 &io
1760 3523 1915 3570 losade

679 3588 796 3673 (3.)
849 3539 1070 3648 ἔτι-επὶ
1158 3582 1324 3650 sicut
1367 3586 1500 3650 ovis
1545 3607 1693 3670 quae
1738 3585 1941 3671 periit.

846 3722 888 3769 ic
908 3722 1052 3784 gelefo
1114 3722 1166 3769 in
1295 3723 1384 3784 god
1522 3722 1667 3769 faeder
1924 3720 2049 3767 allm'
2342 3719 2580 3780 scaeppend
2666 3717 2799 3764 heof’

679 3786 796 3869 (4.)
849 3784 1056 3849 Credo
1086 3784 1167 3849 *in
1212 3784 1426 3848 Deum
1460 3784 1719 3848 Patrem
1750 3783 2247 3869 omnipotentem
2279 3791 2623 3845 creatorem
2655 3780 2776 3843 celi

589 3915 761 3962 flaesces
781 3914 804 3960 i
820 3913 987 3961 lichom
1197 3921 1318 3960 erest
1558 3913 1608 3960 in
1706 3913 1785 3959 life
1955 3927 2082 3958 ecvm
2306 3907 2481 3957 sosslice

676 3977 901 4042 Carnis
988 3974 1511 4041 resurrectionem
1541 3975 1609 4038 in
1639 3975 1831 4040 vitam
1861 3983 2182 4038 aeternam.
2275 3972 2510 4035 AMEN.

853 4114 921 4161 est
942 4114 1007 4160 sie
1027 4112 1199 4174 afylled
1280 4110 1394 4159 mv&
1526 4111 1622 4158 min
1774 4111 1905 4158 hern'
2023 4108 2129 4157 ‘bin'
2203 4111 2259 4169 ..p
2370 4108 2412 4154 ic
2433 4106 2569 4168 maegi
2697 4106 2832 4169 singa

678 4180 796 4261 (5.)
867 4175 1216 4260 Repleatur
1303 4195 1376 4239 os
1468 4195 1681 4238 meum
1749 4174 1937 4239 laude
2014 4182 2144 4249 tua,
2206 4182 2280 4235 ut
2353 4169 2588 4255 possim
2636 4181 2900 4234 cantare

654 4280 820 4342 pvldvr
923 4277 1012 4325 &in

587 4341 851 4426 gloriam
882 4351 1074 4405 tuam.
