3226 5116
513 512 631 571 138
1273 526 1741 570 ANGLo-SAon
1792 525 2060 567 arrum„

1205 666 1266 730 O
1299 687 1445 729 vere
1475 665 1669 749 digna
1697 663 1921 738 hostia,

1122 793 1248 858 Per
1280 793 1469 879 quam
1501 794 1703 856 fracta
1725 801 1872 855 sunt
1903 790 2190 865 Tartara,

1122 918 1481 1003 Redempta
1510 928 1609 982 est
1639 917 1818 1003 plebs
1848 914 2180 1000 captivata,

1122 1019 1401 1107 Reddita
1430 1041 1560 1105 vita
1590 1040 1848 1126 premia.

1209 1222 1557 1308 Consurgit
1589 1221 1882 1286 Christus
1913 1217 2188 1294 tumulo,

1124 1352 1347 1417 Victor
1376 1351 1542 1415 redit
1570 1351 1650 1414 de
1680 1352 1950 1426 baratr0,

1118 1477 1492 1561 Tyrannum
1527 1476 1788 1540 trudens
1819 1475 2072 1540 vinculo

1127 1602 1215 1668 Et
1244 1624 1529 1668 reserans
1550 1602 1936 1688 paradisum.

1213 1785 1601 1861 Quesumus,
1636 1794 1856 1848 auctor
1887 1784 2186 1861 omnium,

1128 1916 1204 1980 In
1236 1914 1356 1979 hoc
1387 1914 1670 2000 paschali
1698 1915 1952 2000 gaudio,

1119 2041 1223 2105 Ab
1253 2039 1423 2105 omni
1452 2040 1673 2104 mortis
1702 2039 1947 2124 impetu

1121 2167 1338 2230 Tuum
1369 2166 1673 2231 defendas
1705 2167 2029 2252 populum.

1212 2348 1436 2413 Gloria
1466 2348 1600 2426 tibi,
1635 2348 1931 2425 Domine,

1119 2474 1251 2549 Qui
1280 2475 1679 2540 resurrexisti
1710 2497 1747 2539 a
1777 2476 2059 2553 mortuis,

1119 2604 1285 2668 Cum
1319 2603 1509 2668 Patre
1539 2612 1604 2668 et
1640 2605 1873 2669 Sancto
1909 2605 2169 2691 Spiritu,

1114 2729 1190 2793 In
1223 2731 1605 2815 sempiterna
1635 2731 1865 2795 secula.
1958 2733 2189 2797 ΑΜΕΝ.

655 2983 696 3025 *-
1052 2982 1093 3024 *
1449 2984 1490 3026 *
1831 2986 1887 3028 ,*
2240 2988 2282 3030 ἔ
2638 2992 2679 3034 *-

862 3109 903 3151 ὶ-
1254 3110 1296 3152 ·*
1631 3112 1692 3154 Α*
1847 3108 1854 3115 ’
2045 3114 2087 3156 ⁴*
2445 3116 2486 3158 *-

511 3282 774 3370 lapidati
805 3290 972 3359 sunt,
1007 3280 1165 3346 secti
1194 3291 1359 3359 sunt,
1392 3283 1684 3368 temptati
1715 3292 1884 3360 sunt,
1929 3284 1997 3346 in
2028 3284 2339 3349 occisione
2363 3287 2558 3371 gladii
2589 3289 2822 3355 mortui

511 3421 679 3489 sunt,
741 3409 1192 3475 circumierunt
1249 3407 1315 3470 in
1375 3408 1647 3485 melotis,
1711 3409 1778 3472 in
1838 3409 2116 3494 pellibus
2188 3411 2478 3497 capriniS,
2541 3425 2819 3500 egentes,

512 3536 874 3623 angustiati,
908 3534 1140 3612 afflicti,
1191 3533 1423 3619 quibus
1467 3535 1701 3620 dignus
1746 3556 1873 3599 non
1920 3545 2057 3601 erat
2099 3537 2393 3616 mundus,
2437 3539 2505 3603 in
2534 3540 2823 3606 solitudi-

511 3667 700 3731 nibus
730 3670 1030 3739 errantes,
1063 3661 1131 3725 in
1175 3660 1501 3726 montibus
1536 3671 1604 3726 et
1634 3661 1700 3726 in
1731 3662 2072 3748 spelunciS,
2108 3673 2173 3728 et
2202 3663 2268 3727 in
2299 3666 2581 3730 cavernis
2612 3648 2819 3775 terr&

510 3805 579 3861 et
607 3795 674 3859 hi
704 3813 922 3857 omnes
951 3789 1315 3856 testimonio
1336 3789 1485 3855 fidei
1504 3789 1780 3877 probati,
1806 3790 2041 3855 mortui
2059 3790 2140 3875 (P)
2190 3792 2437 3879 sunt(?)
2471 3793 2537 3858 in
2563 3794 2820 3860 Christo

511 3924 548 3988 J
553 3945 668 3988 esu
696 3917 974 3985 Domino
1004 3925 1236 3981 nostro.

604 4050 701 4113 R’.
731 4048 1060 4112 Justorum
1090 4042 1318 4109 animae
1348 4041 1414 4106 in
1446 4064 1638 4107 manu
1669 4043 1798 4108 Dei
1830 4055 1995 4109 sunt.

601 4179 701 4240 V'.
735 4173 907 4239 Visis
937 4221 953 4237 .
986 4220 1001 4236 .
1035 4219 1050 4235 .
1084 4217 1102 4236 .
