3226 5116
1148 545 1618 592 ANGLo-SAon
1665 547 1927 591 arrum„
2567 531 2641 594 17
2651 531 2686 594 7

1193 778 1218 825 f
1222 782 1261 826 'e
1426 778 1554 826 {Saem
1574 777 1814 826 flitendvm

1156 862 1286 906 PRO
1333 860 1923 906 DISCORDANTIBUS.

673 974 743 1023 sib
840 976 980 1037 godes
1074 975 1162 1023 {siv
1291 975 1343 1023 of
1346 978 1360 1000 ⁹
1382 974 1542 1023 svissas
1703 974 1788 1023 aelc
1950 973 2144 1022 soelnise
2168 973 2191 1020 1
2272 988 2305 1037 7
2436 975 2623 1036 gibalda

473 1036 590 1121 (1.)
644 1037 779 1102 Pax
839 1038 986 1115 Dei,
1041 1060 1188 1124 quae
1241 1039 1588 1124 exsuperat
1642 1059 1891 1101 omnem
1941 1058 2196 1103 sensum
2249 1047 2316 1114 et
2373 1039 2690 1104 custodiat

403 1138 560 1186 hearto
627 1156 659 1203 7
727 1141 923 1189 lichoma
1041 1141 1157 1190 {Sara
1285 1142 1337 1190 in
1391 1142 1522 1189 sibbe
1670 1138 1845 1187 soblioe

380 1202 572 1267 corda
600 1211 667 1267 et
696 1225 961 1289 corpora
990 1203 1242 1269 illorum
1272 1204 1337 1268 in
1369 1225 1542 1289 pace.
1635 1203 1868 1267 Anum.

1183 1413 1281 1482 ‘Pe
1475 1413 1728 1461 hreosend?

1171 1497 1304 1540 PRO
1349 1496 1906 1540 POENITENTIBUS·

735 1608 944 1670 gepoend
1171 1610 1314 1658 driht'
1526 1611 1609 1659 vi&
1782 1614 1821 1672 -β
1953 1626 1986 1673 7
2188 1610 2324 1659 boen·
2510 1627 2603 1659 vaes
2625 1609 2694 1657 δν

472 1668 590 1751 (1.)
642 1668 1044 1747 Convertere,
1106 1672 1400 1751 Domine,
1464 1696 1669 1761 usque
1729 1696 1875 1760 quo,
1930 1684 1997 1739 et
2054 1672 2470 1758 deprecabilis
2526 1683 2664 1738 esto

450 1769 518 1817 of⁹
613 1786 772 1818 esnvm
870 1772 988 1821 &inv

383 1854 576 1918 super
606 1855 818 1900 servos
848 1844 1010 1902 tuos,

596 2039 665 2087 f'e
824 2041 1011 2090 aelmis‘v‘
1294 2060 1347 2092 vs
1556 2045 1785 2094 doendvm
1959 2045 2010 2093 in
2074 2042 2204 2091 ’δίεεῗ
2269 2041 2475 2089 middan⁹

468 2125 471 2126 ⁷
556 2122 688 2166 PRO
733 2125 1183 2171 ELEMOISINAS
1229 2127 1427 2207 NOBIS
1472 2128 1908 2173 FACIENTIBUS
1954 2128 2028 2170 IN
2075 2126 2208 2171 HOC
2250 2124 2518 2169 MUNDO.

657 2245 706 2285 to
728 2247 834 2287 strae
836 2239 897 2301 gd
1026 2242 1207 2303 gesalde
1319 2242 1595 2292 ‘botfendvm
1742 2258 1775 2306 7
1877 2243 2087 2291 soisfaest’
2188 2241 2263 2289 hi·
2393 2255 2535 2288 vvnas
2628 2239 2693 2313 ‘in

474 2300 592 2383 (1.)
644 2255 981 2387 Dispersit,
1035 2304 1210 2369 dedit
1267 2307 1674 2392 pauperibus,
1737 2315 1803 2372 et
1856 2305 2108 2391 justitia
2165 2304 2303 2388 ejus
2362 2311 2577 2367 manet
2625 2299 2693 2364 iu

453 2403 613 2451 voruld
797 2405 944 2454 vorld'
1075 2407 1235 2455 hearta
1318 2408 1391 2456 his

386 2466 693 2529 saeculum
748 2468 986 2533 saeeuli.
1080 2470 1230 2534 Cor’
1285 2472 1422 2555 ejus

1077 2676 1142 2723 f’e
1242 2677 1504 2741 vntrymig?
1604 2691 1638 2741 7
1724 2676 1981 2740 gesseadvm

1046 2758 1178 2802 PRO
1225 2759 1536 2806 INFIRMIS
1580 2761 1667 2804 ΕΤ
1709 2761 2021 2806 CAPTIVIS·

643 2885 701 2996 ἐ
872 2871 1119 2934 gecelgdon
1299 2885 1347 2925 to
1510 2877 1654 2926 driht‘
1797 2875 1898 2925 mi&
1920 2876 1993 2941 {sy
2058 2890 2226 2924 voeron
2247 2877 2414 2938 gecost'
2510 2890 2542 2937 7
2633 2875 2684 2921 of

474 2933 592 3016 (1.)
703 2942 731 2997 t
788 2933 1215 3003 clamaverunt
1273 2939 1353 3003 ad
1414 2939 1764 3004 Dominum
1824 2961 1968 3005 eum
2027 2938 2428 3015 tribulantur,
2490 2947 2557 3001 et
2614 2936 2693 3000 de

382 3035 491 3082 ned⁹
552 3034 683 3083 hiora
830 3036 984 3084 alesde
1114 3039 1194 3088 hia

407 3099 470 3161 n'
515 3119 734 3162 eorum
779 3097 1069 3164 liberavit
1113 3124 1239 3165 eos

1016 3236 1232 3293 costvngo
1395 3229 1641 3280 sossfaestra
1739 3247 1772 3296 7
1840 3233 1893 3280 of
1983 3232 2124 3280 allvm
2244 3231 2369 3281 Saem
2441 3236 2641 3297 gefriade

477 3294 563 3375 (2.
571 3290 593 3373 )
633 3226 867 3354 Muitae
891 3289 1334 3359 tribulationes
1357 3294 1695 3379 justorum,
1729 3304 1795 3359 et
1823 3294 1904 3358 de
1933 3288 2224 3359 omnibus
2264 3295 2363 3360 his
2403 3251 2697 3363 liberabit

408 3394 486 3441 hia
614 3393 758 3441 driht'

387 3478 496 3521 eos
527 3455 863 3523 Dominus.

707 3596 849 3645 driht'
1042 3596 1240 3671 gehaldq
1385 3596 1483 3672 alle·
1594 3597 1714 3643 bano
1812 3594 1941 3642 hiora
2085 3610 2202 3643 enne
2299 3595 2352 3643 of
2399 3593 2525 3643 baem
2597 3610 2657 3643 ne

473 3656 590 3739 (3.)
639 3659 956 3747 Dominus
999 3658 1276 3725 custodit
1320 3658 1529 3722 omnia
1572 3678 1716 3723 ossa
1760 3678 1997 3735 eorum,
2044 3678 2242 3722 unum
2282 3680 2363 3723 ex
2407 3657 2507 3722 bis
2560 3678 2688 3723 uon

383 3758 467 3807 bis
489 3761 713 3822 gebrocen

385 3832 764 3889 conteretur.

1094 3978 1163 4026 f'e
1259 3977 1560 4040 geleaffvllvm
1690 3975 1938 4023 vnlifiendv

1060 4062 1192 4105 PRO
1237 4059 1589 4104 FIDELIBUS
1634 4058 2020 4102 DEFUNCTIS·

658 4190 720 4222 on
815 4177 1032 4252 gemynd·
1177 4179 1272 4224 eco⁹
1432 4174 1580 4224 bibon
1650 4172 1872 4222 soisfaesto
1916 4173 2032 4221 from
2096 4171 2279 4220 herniae
2384 4169 2477 4232 yflv
2604 4184 2664 4215 ne

477 4235 596 4319 (1.)
647 4236 727 4300 Iu
776 4238 1079 4304 memoria
1130 4248 1372 4302 aeterna
1422 4244 1611 4301 erunt
1682 4235 1859 4321 justi,
1935 4236 2015 4299 ab
2074 4234 2297 4298 auditu
2346 4231 2514 4296 malo
2570 4251 2700 4294 non

419 4337 656 4389 cudi-eda&

387 4399 719 4466 timebunt.

2331 4505 2446 4561 ΞΛ
