<?xml version="1.0" encoding="UTF-8"?>
<!DOCTYPE html PUBLIC "-//W3C//DTD XHTML 1.0 Transitional//EN"
    "http://www.w3.org/TR/xhtml1/DTD/xhtml1-transitional.dtd">
<html xmlns="http://www.w3.org/1999/xhtml" xml:lang="en" lang="en">
 <head>
  <title>
</title>
<meta http-equiv="Content-Type" content="text/html;charset=utf-8" />
  <meta name='ocr-system' content='tesseract 3.04.00' />
  <meta name='ocr-capabilities' content='ocr_page ocr_carea ocr_par ocr_line ocrx_word'/>
</head>
<body>
  <div class='ocr_page' id='page_1' title='image "./ritualeecclesid00stevgoog_0180.png"; bbox 0 0 3226 5116; ppageno 0'>
   <div class='ocr_carea' id='block_1_1' title="bbox 1026 492 2671 552">
    <p class='ocr_par' dir='ltr' id='par_1_1' title="bbox 1026 492 2671 552">
     <span class='ocr_line' id='line_1_1' title="bbox 1026 492 2671 552; baseline 0.002 -4"><span class='ocrx_word' id='word_1_1' title='bbox 1026 503 1029 506; x_wconf 83' lang='lat'>·</span> <span class='ocrx_word' id='word_1_2' title='bbox 1135 504 1600 550; x_wconf 67' lang='lat' dir='ltr'>AuoLo-SAxon</span> <span class='ocrx_word' id='word_1_3' title='bbox 1650 507 1912 549; x_wconf 66' lang='lat' dir='ltr'>mrum„</span> <span class='ocrx_word' id='word_1_4' title='bbox 2558 492 2671 552; x_wconf 87' lang='lat'>161</span> 
     </span>
    </p>
   </div>
   <div class='ocr_carea' id='block_1_2' title="bbox 996 723 2053 785">
    <p class='ocr_par' dir='ltr' id='par_1_2' title="bbox 996 723 2053 785">
     <span class='ocr_line' id='line_1_2' title="bbox 996 723 2053 785; baseline 0.002 -2"><span class='ocrx_word' id='word_1_5' title='bbox 996 741 1070 783; x_wconf 79' lang='lat' dir='ltr'>IN</span> <span class='ocrx_word' id='word_1_6' title='bbox 1117 723 1350 783; x_wconf 83' lang='lat' dir='ltr'>NATAL’</span> <span class='ocrx_word' id='word_1_7' title='bbox 1398 742 1602 785; x_wconf 82' lang='lat' dir='ltr'>UNan</span> <span class='ocrx_word' id='word_1_8' title='bbox 1649 741 2053 785; x_wconf 78' lang='lat' dir='ltr'><strong>MARTYRUM.</strong></span> 
     </span>
    </p>
   </div>
   <div class='ocr_carea' id='block_1_3' title="bbox 370 851 2692 1449">
    <p class='ocr_par' dir='ltr' id='par_1_3' title="bbox 460 851 1394 941">
     <span class='ocr_line' id='line_1_3' title="bbox 460 851 1394 941; baseline 0.006 -28"><span class='ocrx_word' id='word_1_9' title='bbox 460 851 578 941; x_wconf 88' lang='lat' dir='ltr'><strong>(l.)</strong></span> <span class='ocrx_word' id='word_1_10' title='bbox 629 851 986 917; x_wconf 84' lang='lat' dir='ltr'>Laetabitur</span> <span class='ocrx_word' id='word_1_11' title='bbox 1004 855 1218 939; x_wconf 89' lang='lat' dir='ltr'>justus</span> <span class='ocrx_word' id='word_1_12' title='bbox 1249 877 1394 919; x_wconf 90' lang='lat' dir='ltr'>cum</span> 
     </span>
    </p>

    <p class='ocr_par' dir='ltr' id='par_1_4' title="bbox 460 975 2692 1078">
     <span class='ocr_line' id='line_1_4' title="bbox 460 975 2692 1078; baseline 0.003 -37"><span class='ocrx_word' id='word_1_13' title='bbox 460 977 582 1042; x_wconf 89' lang='lat' dir='ltr'>Ps’.</span> <span class='ocrx_word' id='word_1_14' title='bbox 632 979 901 1057; x_wconf 83' lang='lat' dir='ltr'><strong>Exaudi,</strong></span> <span class='ocrx_word' id='word_1_15' title='bbox 934 980 1135 1058; x_wconf 90' lang='lat' dir='ltr'>Deus,</span> <span class='ocrx_word' id='word_1_16' title='bbox 1166 975 1516 1050; x_wconf 31' lang='lat' dir='ltr'>*orationem</span> <span class='ocrx_word' id='word_1_17' title='bbox 1547 1004 1770 1046; x_wconf 88' lang='lat' dir='ltr'>meam.</span> <span class='ocrx_word' id='word_1_18' title='bbox 2689 1075 2692 1078; x_wconf 10' lang='grc' dir='ltr'><strong>Δ</strong></span> 
     </span>
    </p>

    <p class='ocr_par' dir='ltr' id='par_1_5' title="bbox 370 1105 2674 1449">
     <span class='ocr_line' id='line_1_5' title="bbox 462 1105 2672 1195; baseline 0.002 -28"><span class='ocrx_word' id='word_1_19' title='bbox 462 1105 583 1188; x_wconf 81' lang='grc'><strong>(2.)</strong></span> <span class='ocrx_word' id='word_1_20' title='bbox 635 1107 831 1185; x_wconf 92' lang='lat' dir='ltr'>Deus,</span> <span class='ocrx_word' id='word_1_21' title='bbox 887 1109 998 1194; x_wconf 90' lang='lat' dir='ltr'>qui</span> <span class='ocrx_word' id='word_1_22' title='bbox 1045 1132 1158 1175; x_wconf 87' lang='lat' dir='ltr'>uos</span> <span class='ocrx_word' id='word_1_23' title='bbox 1210 1112 1399 1188; x_wconf 90' lang='lat' dir='ltr'>beati,</span> <span class='ocrx_word' id='word_1_24' title='bbox 1453 1111 1535 1192; x_wconf 93' lang='lat' dir='ltr'>il&#39;,</span> <span class='ocrx_word' id='word_1_25' title='bbox 1567 1110 1859 1195; x_wconf 89' lang='lat' dir='ltr'>martyris</span> <span class='ocrx_word' id='word_1_26' title='bbox 1890 1108 1982 1173; x_wconf 91' lang='lat' dir='ltr'>tui</span> <span class='ocrx_word' id='word_1_27' title='bbox 2025 1108 2237 1172; x_wconf 90' lang='lat' dir='ltr'>annua</span> <span class='ocrx_word' id='word_1_28' title='bbox 2276 1108 2672 1172; x_wconf 83' lang='lat' dir='ltr'><strong>solemnitate</strong></span> 
     </span>
     <span class='ocr_line' id='line_1_6' title="bbox 370 1226 2674 1331; baseline 0.004 -43"><span class='ocrx_word' id='word_1_29' title='bbox 370 1226 654 1331; x_wconf 57' lang='lat' dir='ltr'>letificaS,</span> <span class='ocrx_word' id='word_1_30' title='bbox 711 1234 984 1300; x_wconf 85' lang='lat' dir='ltr'>concede</span> <span class='ocrx_word' id='word_1_31' title='bbox 1042 1236 1373 1322; x_wconf 89' lang='lat' dir='ltr'>propitius,</span> <span class='ocrx_word' id='word_1_32' title='bbox 1439 1246 1509 1301; x_wconf 90' lang='lat' dir='ltr'>ut</span> <span class='ocrx_word' id='word_1_33' title='bbox 1569 1236 1752 1321; x_wconf 87' lang='lat' dir='ltr'>cujus</span> <span class='ocrx_word' id='word_1_34' title='bbox 1811 1235 2109 1312; x_wconf 84' lang='lat' dir='ltr'>natalicia</span> <span class='ocrx_word' id='word_1_35' title='bbox 2166 1234 2431 1308; x_wconf 83' lang='lat' dir='ltr'>colimus</span> <span class='ocrx_word' id='word_1_36' title='bbox 2483 1233 2674 1299; x_wconf 89' lang='lat' dir='ltr'>etiam</span> 
     </span>
     <span class='ocr_line' id='line_1_7' title="bbox 370 1355 1162 1449; baseline 0.014 -32"><span class='ocrx_word' id='word_1_37' title='bbox 370 1355 648 1422; x_wconf 84' lang='lat' dir='ltr'>actiones</span> <span class='ocrx_word' id='word_1_38' title='bbox 679 1359 1015 1439; x_wconf 89' lang='lat' dir='ltr'>imitemur,</span> <span class='ocrx_word' id='word_1_39' title='bbox 1049 1385 1162 1449; x_wconf 88' lang='lat' dir='ltr'>per</span> 
     </span>
    </p>
   </div>
   <div class='ocr_carea' id='block_1_4' title="bbox 358 1567 2682 2285">
    <p class='ocr_par' dir='ltr' id='par_1_6' title="bbox 1146 1567 1893 1629">
     <span class='ocr_line' id='line_1_8' title="bbox 1146 1567 1893 1629; baseline 0 -2"><span class='ocrx_word' id='word_1_40' title='bbox 1146 1567 1285 1629; x_wconf 77' lang='lat' dir='ltr'>LEc’</span> <span class='ocrx_word' id='word_1_41' title='bbox 1331 1567 1463 1628; x_wconf 83' lang='lat' dir='ltr'>LIB&#39;</span> <span class='ocrx_word' id='word_1_42' title='bbox 1510 1585 1893 1629; x_wconf 78' lang='lat' dir='ltr'>SAPmNTrAE.</span> 
     </span>
    </p>

    <p class='ocr_par' dir='ltr' id='par_1_7' title="bbox 358 1661 2690 2285">
     <span class='ocr_line' id='line_1_9' title="bbox 459 1661 2674 1779; baseline 0.001 -27"><span class='ocrx_word' id='word_1_43' title='bbox 459 1690 576 1773; x_wconf 85' lang='lat'>(1.)</span> <span class='ocrx_word' id='word_1_44' title='bbox 629 1691 868 1756; x_wconf 84' lang='lat' dir='ltr'>Beatus</span> <span class='ocrx_word' id='word_1_45' title='bbox 913 1692 1010 1757; x_wconf 87' lang='lat' dir='ltr'>vir</span> <span class='ocrx_word' id='word_1_46' title='bbox 1059 1693 1169 1778; x_wconf 91' lang='lat' dir='ltr'>qui</span> <span class='ocrx_word' id='word_1_47' title='bbox 1227 1692 1295 1757; x_wconf 92' lang='lat' dir='ltr'>in</span> <span class='ocrx_word' id='word_1_48' title='bbox 1355 1692 1667 1779; x_wconf 83' lang='lat' dir='ltr'>sapientia</span> <span class='ocrx_word' id='word_1_49' title='bbox 1724 1716 1841 1758; x_wconf 92' lang='lat' dir='ltr'>sua</span> <span class='ocrx_word' id='word_1_50' title='bbox 1890 1691 2255 1769; x_wconf 84' lang='lat' dir='ltr'><strong>morabitur,</strong></span> <span class='ocrx_word' id='word_1_51' title='bbox 2316 1661 2383 1757; x_wconf 91' lang='lat' dir='ltr'>et</span> <span class='ocrx_word' id='word_1_52' title='bbox 2441 1679 2553 1777; x_wconf 91' lang='lat' dir='ltr'>qui</span> <span class='ocrx_word' id='word_1_53' title='bbox 2606 1691 2674 1755; x_wconf 89' lang='lat' dir='ltr'>in</span> 
     </span>
     <span class='ocr_line' id='line_1_10' title="bbox 358 1791 2682 1904; baseline 0.005 -28"><span class='ocrx_word' id='word_1_54' title='bbox 358 1791 629 1897; x_wconf 86' lang='lat' dir='ltr'>justitiae</span> <span class='ocrx_word' id='word_1_55' title='bbox 689 1817 1111 1895; x_wconf 81' lang='lat' dir='ltr'>meditabitur,</span> <span class='ocrx_word' id='word_1_56' title='bbox 1172 1827 1238 1882; x_wconf 94' lang='lat' dir='ltr'>et</span> <span class='ocrx_word' id='word_1_57' title='bbox 1292 1818 1359 1881; x_wconf 91' lang='lat' dir='ltr'>in</span> <span class='ocrx_word' id='word_1_58' title='bbox 1419 1841 1609 1883; x_wconf 88' lang='lat' dir='ltr'>sensu</span> <span class='ocrx_word' id='word_1_59' title='bbox 1670 1818 1974 1903; x_wconf 83' lang='lat' dir='ltr'>cogitabit</span> <span class='ocrx_word' id='word_1_60' title='bbox 2045 1817 2682 1904; x_wconf 72' lang='lat' dir='ltr'>circumspectionem.</span> 
     </span>
     <span class='ocr_line' id='line_1_11' title="bbox 366 1937 2674 2051; baseline 0.003 -50"><span class='ocrx_word' id='word_1_61' title='bbox 366 1937 511 2002; x_wconf 88' lang='lat' dir='ltr'>Dei.</span> <span class='ocrx_word' id='word_1_62' title='bbox 603 1941 874 2026; x_wconf 86' lang='lat' dir='ltr'>Cybavit</span> <span class='ocrx_word' id='word_1_63' title='bbox 902 1941 1081 2014; x_wconf 83' lang='lat' dir='ltr'>illum</span> <span class='ocrx_word' id='word_1_64' title='bbox 1112 1964 1341 2028; x_wconf 86' lang='lat' dir='ltr'>panem</span> <span class='ocrx_word' id='word_1_65' title='bbox 1370 1941 1502 2051; x_wconf 61' lang='lat' dir='ltr'>vite</span> <span class='ocrx_word' id='word_1_66' title='bbox 1533 1951 1598 2006; x_wconf 94' lang='lat' dir='ltr'>et</span> <span class='ocrx_word' id='word_1_67' title='bbox 1627 1942 2008 2024; x_wconf 87' lang='lat' dir='ltr'>intellectus,</span> <span class='ocrx_word' id='word_1_68' title='bbox 2053 1953 2315 2040; x_wconf 15' lang='lat' dir='ltr'>etnaqua</span> <span class='ocrx_word' id='word_1_69' title='bbox 2344 1945 2674 2030; x_wconf 86' lang='lat' dir='ltr'>sapientiae</span> 
     </span>
     <span class='ocr_line' id='line_1_12' title="bbox 367 2064 2676 2151; baseline 0.003 -23"><span class='ocrx_word' id='word_1_70' title='bbox 367 2064 659 2129; x_wconf 89' lang='lat' dir='ltr'>salutaris</span> <span class='ocrx_word' id='word_1_71' title='bbox 705 2066 947 2151; x_wconf 87' lang='lat' dir='ltr'>potavit</span> <span class='ocrx_word' id='word_1_72' title='bbox 985 2066 1184 2142; x_wconf 89' lang='lat' dir='ltr'>illum,</span> <span class='ocrx_word' id='word_1_73' title='bbox 1225 2075 1290 2130; x_wconf 94' lang='lat' dir='ltr'>et</span> <span class='ocrx_word' id='word_1_74' title='bbox 1328 2064 1682 2130; x_wconf 91' lang='lat' dir='ltr'>firmabitur</span> <span class='ocrx_word' id='word_1_75' title='bbox 1721 2066 1786 2131; x_wconf 92' lang='lat' dir='ltr'>in</span> <span class='ocrx_word' id='word_1_76' title='bbox 1834 2067 1946 2131; x_wconf 90' lang='lat' dir='ltr'>illo</span> <span class='ocrx_word' id='word_1_77' title='bbox 1977 2078 2043 2133; x_wconf 94' lang='lat' dir='ltr'>et</span> <span class='ocrx_word' id='word_1_78' title='bbox 2086 2091 2215 2134; x_wconf 93' lang='lat' dir='ltr'>non</span> <span class='ocrx_word' id='word_1_79' title='bbox 2252 2070 2563 2149; x_wconf 90' lang='lat' dir='ltr'>flectetur,</span> <span class='ocrx_word' id='word_1_80' title='bbox 2609 2082 2676 2136; x_wconf 94' lang='lat' dir='ltr'>et</span> 
     </span>
     <span class='ocr_line' id='line_1_13' title="bbox 366 2166 2682 2285; baseline 0.004 -31"><span class='ocrx_word' id='word_1_81' title='bbox 366 2190 713 2255; x_wconf 86' lang='lat' dir='ltr'>continebit</span> <span class='ocrx_word' id='word_1_82' title='bbox 761 2192 943 2257; x_wconf 89' lang='lat' dir='ltr'>illum</span> <span class='ocrx_word' id='word_1_83' title='bbox 990 2202 1057 2258; x_wconf 94' lang='lat' dir='ltr'>et</span> <span class='ocrx_word' id='word_1_84' title='bbox 1108 2215 1235 2257; x_wconf 93' lang='lat' dir='ltr'>non</span> <span class='ocrx_word' id='word_1_85' title='bbox 1289 2194 1728 2272; x_wconf 91' lang='lat' dir='ltr'>confundetur,</span> <span class='ocrx_word' id='word_1_86' title='bbox 1784 2205 1851 2260; x_wconf 91' lang='lat' dir='ltr'>et</span> <span class='ocrx_word' id='word_1_87' title='bbox 1909 2195 2215 2261; x_wconf 83' lang='lat' dir='ltr'>exaltabit</span> <span class='ocrx_word' id='word_1_88' title='bbox 2271 2197 2452 2262; x_wconf 90' lang='lat' dir='ltr'>illum</span> <span class='ocrx_word' id='word_1_89' title='bbox 2504 2166 2682 2285; x_wconf 20' lang='lat' dir='ltr'>apud.</span> 
     </span>
    </p>
   </div>
   <div class='ocr_carea' id='block_1_5' title="bbox 363 2318 2674 2403">
    <p class='ocr_par' dir='ltr' id='par_1_8' title="bbox 363 2318 2674 2403">
     <span class='ocr_line' id='line_1_14' title="bbox 363 2318 2674 2403; baseline 0.005 -23"><span class='ocrx_word' id='word_1_90' title='bbox 363 2318 681 2403; x_wconf 85' lang='lat' dir='ltr'>proximos</span> <span class='ocrx_word' id='word_1_91' title='bbox 741 2342 908 2397; x_wconf 79' lang='lat' dir='ltr'>suOS,</span> <span class='ocrx_word' id='word_1_92' title='bbox 970 2331 1036 2385; x_wconf 93' lang='lat' dir='ltr'>et</span> <span class='ocrx_word' id='word_1_93' title='bbox 1091 2321 1346 2386; x_wconf 89' lang='lat' dir='ltr'>nomine</span> <span class='ocrx_word' id='word_1_94' title='bbox 1404 2331 1646 2387; x_wconf 85' lang='lat' dir='ltr'>aeterno</span> <span class='ocrx_word' id='word_1_95' title='bbox 1704 2322 2083 2401; x_wconf 71' lang='lat' dir='ltr'>hereditabit</span> <span class='ocrx_word' id='word_1_96' title='bbox 2129 2322 2307 2387; x_wconf 91' lang='lat' dir='ltr'>illum</span> <span class='ocrx_word' id='word_1_97' title='bbox 2359 2325 2674 2391; x_wconf 83' lang='lat' dir='ltr'>Dominus</span> 
     </span>
    </p>
   </div>
   <div class='ocr_carea' id='block_1_6' title="bbox 366 2447 810 2513">
    <p class='ocr_par' dir='ltr' id='par_1_9' title="bbox 366 2447 810 2513">
     <span class='ocr_line' id='line_1_15' title="bbox 366 2447 810 2513; baseline 0 -1"><span class='ocrx_word' id='word_1_98' title='bbox 366 2447 548 2513; x_wconf 92' lang='lat' dir='ltr'>Deus</span> <span class='ocrx_word' id='word_1_99' title='bbox 578 2458 810 2513; x_wconf 90' lang='lat' dir='ltr'>noster.</span> 
     </span>
    </p>
   </div>
   <div class='ocr_carea' id='block_1_7' title="bbox 1430 2622 1602 2664">
    <p class='ocr_par' dir='ltr' id='par_1_10' title="bbox 1430 2622 1602 2664">
     <span class='ocr_line' id='line_1_16' title="bbox 1430 2622 1602 2664; baseline 0 0"><span class='ocrx_word' id='word_1_100' title='bbox 1430 2622 1602 2664; x_wconf 78' lang='lat' dir='ltr'>ALIA.</span> 
     </span>
    </p>
   </div>
   <div class='ocr_carea' id='block_1_8' title="bbox 359 2733 2676 3450">
    <p class='ocr_par' dir='ltr' id='par_1_11' title="bbox 359 2733 2676 3199">
     <span class='ocr_line' id='line_1_17' title="bbox 471 2733 2673 2847; baseline 0 -50"><span class='ocrx_word' id='word_1_101' title='bbox 471 2735 588 2818; x_wconf 91' lang='grc'><strong>(1.)</strong></span> <span class='ocrx_word' id='word_1_102' title='bbox 657 2734 1027 2799; x_wconf 86' lang='lat' dir='ltr'>Ascendant</span> <span class='ocrx_word' id='word_1_103' title='bbox 1085 2735 1164 2798; x_wconf 91' lang='lat' dir='ltr'>ad</span> <span class='ocrx_word' id='word_1_104' title='bbox 1225 2744 1308 2811; x_wconf 92' lang='lat' dir='ltr'>te,</span> <span class='ocrx_word' id='word_1_105' title='bbox 1369 2734 1667 2811; x_wconf 89' lang='lat' dir='ltr'>Domine,</span> <span class='ocrx_word' id='word_1_106' title='bbox 1731 2756 1949 2819; x_wconf 85' lang='lat' dir='ltr'>preces</span> <span class='ocrx_word' id='word_1_107' title='bbox 2008 2744 2242 2847; x_wconf 55' lang='lat' dir='ltr'>nostre,</span> <span class='ocrx_word' id='word_1_108' title='bbox 2305 2744 2371 2798; x_wconf 92' lang='lat' dir='ltr'>et</span> <span class='ocrx_word' id='word_1_109' title='bbox 2430 2733 2673 2799; x_wconf 87' lang='lat' dir='ltr'>animas</span> 
     </span>
     <span class='ocr_line' id='line_1_18' title="bbox 359 2859 2676 2946; baseline 0 -23"><span class='ocrx_word' id='word_1_110' title='bbox 359 2860 738 2925; x_wconf 88' lang='lat' dir='ltr'>famulorum</span> <span class='ocrx_word' id='word_1_111' title='bbox 769 2860 1270 2945; x_wconf 86' lang='lat' dir='ltr'>famularumque</span> <span class='ocrx_word' id='word_1_112' title='bbox 1314 2870 1568 2925; x_wconf 89' lang='lat' dir='ltr'>tuarum</span> <span class='ocrx_word' id='word_1_113' title='bbox 1611 2859 1847 2945; x_wconf 86' lang='lat' dir='ltr'>gaudia</span> <span class='ocrx_word' id='word_1_114' title='bbox 1893 2869 2135 2924; x_wconf 87' lang='lat' dir='ltr'>aeterna</span> <span class='ocrx_word' id='word_1_115' title='bbox 2187 2860 2553 2946; x_wconf 85' lang='lat' dir='ltr'>suscipiant,</span> <span class='ocrx_word' id='word_1_116' title='bbox 2602 2871 2676 2925; x_wconf 91' lang='lat' dir='ltr'>ut</span> 
     </span>
     <span class='ocr_line' id='line_1_19' title="bbox 368 2986 2676 3073; baseline 0.001 -24"><span class='ocrx_word' id='word_1_117' title='bbox 368 3009 529 3072; x_wconf 90' lang='lat' dir='ltr'>quos</span> <span class='ocrx_word' id='word_1_118' title='bbox 570 2986 773 3052; x_wconf 90' lang='lat' dir='ltr'>fecisti</span> <span class='ocrx_word' id='word_1_119' title='bbox 827 2987 1184 3073; x_wconf 92' lang='lat' dir='ltr'>adoptionis</span> <span class='ocrx_word' id='word_1_120' title='bbox 1243 2986 1604 3071; x_wconf 86' lang='lat' dir='ltr'>participes,</span> <span class='ocrx_word' id='word_1_121' title='bbox 1653 2986 1882 3070; x_wconf 78' lang='lat' dir='ltr'>jubeas</span> <span class='ocrx_word' id='word_1_122' title='bbox 1932 2986 2301 3051; x_wconf 88' lang='lat' dir='ltr'>hereditatis</span> <span class='ocrx_word' id='word_1_123' title='bbox 2354 2996 2485 3051; x_wconf 87' lang='lat' dir='ltr'>tuae</span> <span class='ocrx_word' id='word_1_124' title='bbox 2537 3009 2676 3054; x_wconf 92' lang='lat' dir='ltr'>esse</span> 
     </span>
     <span class='ocr_line' id='line_1_20' title="bbox 363 3122 851 3199; baseline 0.006 -24"><span class='ocrx_word' id='word_1_125' title='bbox 363 3122 704 3190; x_wconf 87' lang='lat' dir='ltr'>consortes,</span> <span class='ocrx_word' id='word_1_126' title='bbox 735 3136 851 3199; x_wconf 90' lang='lat' dir='ltr'>per</span> 
     </span>
    </p>

    <p class='ocr_par' dir='ltr' id='par_1_12' title="bbox 452 3236 1894 3324">
     <span class='ocr_line' id='line_1_21' title="bbox 452 3236 1894 3324; baseline -0.001 -22"><span class='ocrx_word' id='word_1_127' title='bbox 452 3240 571 3322; x_wconf 76' lang='lat'><strong>(2.)</strong></span> <span class='ocrx_word' id='word_1_128' title='bbox 624 3239 868 3304; x_wconf 89' lang='lat' dir='ltr'>Omnes</span> <span class='ocrx_word' id='word_1_129' title='bbox 889 3238 1048 3324; x_wconf 89' lang='lat' dir='ltr'>justi</span> <span class='ocrx_word' id='word_1_130' title='bbox 1079 3236 1485 3305; x_wconf 82' lang='lat' dir='ltr'>meditabitur</span> <span class='ocrx_word' id='word_1_131' title='bbox 1515 3246 1581 3300; x_wconf 92' lang='lat' dir='ltr'>et</span> <span class='ocrx_word' id='word_1_132' title='bbox 1612 3236 1894 3322; x_wconf 43' lang='lat' dir='ltr'>sapient’,</span> 
     </span>
    </p>

    <p class='ocr_par' dir='ltr' id='par_1_13' title="bbox 448 3362 1715 3450">
     <span class='ocr_line' id='line_1_22' title="bbox 448 3362 1715 3450; baseline 0.001 -23"><span class='ocrx_word' id='word_1_133' title='bbox 448 3365 548 3428; x_wconf 90' lang='lat' dir='ltr'>V’.</span> <span class='ocrx_word' id='word_1_134' title='bbox 595 3364 736 3428; x_wconf 85' lang='lat' dir='ltr'>Lex</span> <span class='ocrx_word' id='word_1_135' title='bbox 766 3362 895 3428; x_wconf 87' lang='lat' dir='ltr'>Dei</span> <span class='ocrx_word' id='word_1_136' title='bbox 926 3363 1065 3447; x_wconf 90' lang='lat' dir='ltr'>ejus</span> <span class='ocrx_word' id='word_1_137' title='bbox 1095 3362 1162 3425; x_wconf 92' lang='lat' dir='ltr'>in</span> <span class='ocrx_word' id='word_1_138' title='bbox 1192 3363 1378 3435; x_wconf 88' lang='lat' dir='ltr'>corde</span> <span class='ocrx_word' id='word_1_139' title='bbox 1407 3362 1627 3450; x_wconf 87' lang='lat' dir='ltr'>ipsius.</span> <span class='ocrx_word' id='word_1_140' title='bbox 1707 3439 1715 3442; x_wconf 16' lang='grc' dir='ltr'><strong><em>Δ</em></strong></span> 
     </span>
    </p>
   </div>
   <div class='ocr_carea' id='block_1_9' title="bbox 358 3571 2673 4300">
    <p class='ocr_par' dir='ltr' id='par_1_14' title="bbox 621 3571 2407 3658">
     <span class='ocr_line' id='line_1_23' title="bbox 621 3571 2407 3658; baseline -0.003 -20"><span class='ocrx_word' id='word_1_141' title='bbox 621 3593 958 3644; x_wconf 72' lang='grc' dir='ltr'>εΕρυιΤυιι</span> <span class='ocrx_word' id='word_1_142' title='bbox 989 3571 1070 3658; x_wconf 76' lang='lat' dir='ltr'>(P)</span> <span class='ocrx_word' id='word_1_143' title='bbox 1119 3592 1555 3637; x_wconf 75' lang='lat' dir='ltr'>EvANGELmM</span> <span class='ocrx_word' id='word_1_144' title='bbox 1601 3578 1968 3639; x_wconf 74' lang='lat' dir='ltr'>SECUNDUM</span> <span class='ocrx_word' id='word_1_145' title='bbox 2012 3588 2407 3634; x_wconf 79' lang='lat' dir='ltr'><strong>JOHANNEM.</strong></span> 
     </span>
    </p>

    <p class='ocr_par' dir='ltr' id='par_1_15' title="bbox 358 3701 2673 4300">
     <span class='ocr_line' id='line_1_24' title="bbox 455 3701 2665 3794; baseline -0.002 -22"><span class='ocrx_word' id='word_1_146' title='bbox 455 3709 572 3794; x_wconf 88' lang='lat'>(1.)</span> <span class='ocrx_word' id='word_1_147' title='bbox 624 3708 701 3771; x_wconf 92' lang='lat' dir='ltr'>In</span> <span class='ocrx_word' id='word_1_148' title='bbox 748 3706 860 3770; x_wconf 93' lang='lat' dir='ltr'>illo</span> <span class='ocrx_word' id='word_1_149' title='bbox 901 3715 1184 3791; x_wconf 90' lang='lat' dir='ltr'>tempore</span> <span class='ocrx_word' id='word_1_150' title='bbox 1232 3703 1395 3768; x_wconf 87' lang='lat' dir='ltr'>dixit</span> <span class='ocrx_word' id='word_1_151' title='bbox 1448 3704 1558 3768; x_wconf 92' lang='lat' dir='ltr'>Ihs</span> <span class='ocrx_word' id='word_1_152' title='bbox 1610 3702 1940 3789; x_wconf 89' lang='lat' dir='ltr'>discipulis</span> <span class='ocrx_word' id='word_1_153' title='bbox 1993 3701 2142 3778; x_wconf 90' lang='lat' dir='ltr'>suis,</span> <span class='ocrx_word' id='word_1_154' title='bbox 2184 3702 2412 3778; x_wconf 87' lang='lat' dir='ltr'>Amen,</span> <span class='ocrx_word' id='word_1_155' title='bbox 2461 3725 2665 3782; x_wconf 87' lang='lat' dir='ltr'>amen,</span> 
     </span>
     <span class='ocr_line' id='line_1_25' title="bbox 364 3828 2673 3920; baseline -0.002 -21"><span class='ocrx_word' id='word_1_156' title='bbox 364 3835 505 3901; x_wconf 89' lang='lat' dir='ltr'>dico</span> <span class='ocrx_word' id='word_1_157' title='bbox 550 3833 743 3910; x_wconf 86' lang='lat' dir='ltr'>vobis,</span> <span class='ocrx_word' id='word_1_158' title='bbox 800 3832 920 3896; x_wconf 91' lang='lat' dir='ltr'>nisi</span> <span class='ocrx_word' id='word_1_159' title='bbox 981 3853 1246 3917; x_wconf 82' lang='lat' dir='ltr'>granum</span> <span class='ocrx_word' id='word_1_160' title='bbox 1293 3829 1596 3894; x_wconf 88' lang='lat' dir='ltr'>frumenti</span> <span class='ocrx_word' id='word_1_161' title='bbox 1656 3829 1890 3920; x_wconf 80' lang='lat' dir='ltr'>cadens&#39;</span> <span class='ocrx_word' id='word_1_162' title='bbox 1918 3828 2011 3915; x_wconf 86' lang='lat' dir='ltr'>&#39;in</span> <span class='ocrx_word' id='word_1_163' title='bbox 2070 3835 2302 3891; x_wconf 89' lang='lat' dir='ltr'>terram</span> <span class='ocrx_word' id='word_1_164' title='bbox 2353 3838 2673 3894; x_wconf 89' lang='lat' dir='ltr'>mortuum</span> 
     </span>
     <span class='ocr_line' id='line_1_26' title="bbox 359 3956 2667 4047; baseline -0.001 -24"><span class='ocrx_word' id='word_1_165' title='bbox 359 3960 571 4038; x_wconf 88' lang='lat' dir='ltr'>fuerit,</span> <span class='ocrx_word' id='word_1_166' title='bbox 603 3961 812 4047; x_wconf 90' lang='lat' dir='ltr'>ipsum</span> <span class='ocrx_word' id='word_1_167' title='bbox 844 3961 1049 4026; x_wconf 91' lang='lat' dir='ltr'>solum</span> <span class='ocrx_word' id='word_1_168' title='bbox 1079 3975 1308 4025; x_wconf 86' lang='lat' dir='ltr'>manet.</span> <span class='ocrx_word' id='word_1_169' title='bbox 1404 3960 1473 4023; x_wconf 90' lang='lat' dir='ltr'>Si</span> <span class='ocrx_word' id='word_1_170' title='bbox 1518 3969 1733 4024; x_wconf 91' lang='lat' dir='ltr'>autem</span> <span class='ocrx_word' id='word_1_171' title='bbox 1779 3968 2097 4021; x_wconf 88' lang='lat' dir='ltr'>mortuum</span> <span class='ocrx_word' id='word_1_172' title='bbox 2141 3956 2351 4033; x_wconf 89' lang='lat' dir='ltr'>fuerit,</span> <span class='ocrx_word' id='word_1_173' title='bbox 2398 3957 2667 4022; x_wconf 91' lang='lat' dir='ltr'>multum</span> 
     </span>
     <span class='ocr_line' id='line_1_27' title="bbox 361 4082 2669 4171; baseline -0.002 -20"><span class='ocrx_word' id='word_1_174' title='bbox 361 4088 633 4153; x_wconf 87' lang='lat' dir='ltr'>fructum</span> <span class='ocrx_word' id='word_1_175' title='bbox 694 4090 893 4154; x_wconf 87' lang='lat' dir='ltr'>affert.</span> <span class='ocrx_word' id='word_1_176' title='bbox 986 4088 1119 4163; x_wconf 84' lang='lat' dir='ltr'>Qui</span> <span class='ocrx_word' id='word_1_177' title='bbox 1171 4097 1342 4153; x_wconf 90' lang='lat' dir='ltr'>amat</span> <span class='ocrx_word' id='word_1_178' title='bbox 1390 4087 1665 4153; x_wconf 87' lang='lat' dir='ltr'>animam</span> <span class='ocrx_word' id='word_1_179' title='bbox 1717 4082 1894 4150; x_wconf 88' lang='lat' dir='ltr'>suam</span> <span class='ocrx_word' id='word_1_180' title='bbox 1947 4085 2173 4171; x_wconf 92' lang='lat' dir='ltr'>perdet</span> <span class='ocrx_word' id='word_1_181' title='bbox 2224 4105 2383 4160; x_wconf 91' lang='lat' dir='ltr'>eam,</span> <span class='ocrx_word' id='word_1_182' title='bbox 2435 4093 2501 4147; x_wconf 92' lang='lat' dir='ltr'>et</span> <span class='ocrx_word' id='word_1_183' title='bbox 2561 4084 2669 4169; x_wconf 91' lang='lat' dir='ltr'>qui</span> 
     </span>
     <span class='ocr_line' id='line_1_28' title="bbox 358 4210 2670 4300; baseline -0.002 -23"><span class='ocrx_word' id='word_1_184' title='bbox 358 4214 569 4299; x_wconf 88' lang='lat' dir='ltr'>perdit</span> <span class='ocrx_word' id='word_1_185' title='bbox 602 4214 684 4300; x_wconf 71' lang='lat' dir='ltr'>(P)</span> <span class='ocrx_word' id='word_1_186' title='bbox 720 4216 992 4281; x_wconf 87' lang='lat' dir='ltr'>animam</span> <span class='ocrx_word' id='word_1_187' title='bbox 1025 4237 1202 4280; x_wconf 87' lang='lat' dir='ltr'>suam</span> <span class='ocrx_word' id='word_1_188' title='bbox 1234 4214 1300 4277; x_wconf 91' lang='lat' dir='ltr'>in</span> <span class='ocrx_word' id='word_1_189' title='bbox 1330 4214 1451 4277; x_wconf 92' lang='lat' dir='ltr'>hoc</span> <span class='ocrx_word' id='word_1_190' title='bbox 1484 4211 1738 4288; x_wconf 91' lang='lat' dir='ltr'>mundo,</span> <span class='ocrx_word' id='word_1_191' title='bbox 1787 4210 2086 4275; x_wconf 77' lang='lat' dir='ltr'>invitam</span> <span class='ocrx_word' id='word_1_192' title='bbox 2132 4219 2411 4274; x_wconf 91' lang='lat' dir='ltr'>eternam</span> <span class='ocrx_word' id='word_1_193' title='bbox 2459 4218 2670 4273; x_wconf 87' lang='lat' dir='ltr'>custo-</span> 
     </span>
    </p>
   </div>
   <div class='ocr_carea' id='block_1_10' title="bbox 362 4335 2675 4525">
    <p class='ocr_par' dir='ltr' id='par_1_16' title="bbox 362 4335 2675 4525">
     <span class='ocr_line' id='line_1_29' title="bbox 362 4335 2675 4429; baseline -0.002 -24"><span class='ocrx_word' id='word_1_194' title='bbox 362 4341 456 4406; x_wconf 91' lang='lat' dir='ltr'>dit</span> <span class='ocrx_word' id='word_1_195' title='bbox 507 4363 662 4407; x_wconf 86' lang='lat' dir='ltr'>eam.</span> <span class='ocrx_word' id='word_1_196' title='bbox 757 4342 827 4407; x_wconf 91' lang='lat' dir='ltr'>Si</span> <span class='ocrx_word' id='word_1_197' title='bbox 879 4343 1022 4429; x_wconf 91' lang='lat' dir='ltr'>quis</span> <span class='ocrx_word' id='word_1_198' title='bbox 1075 4342 1228 4406; x_wconf 89' lang='lat' dir='ltr'>mihi</span> <span class='ocrx_word' id='word_1_199' title='bbox 1289 4340 1621 4416; x_wconf 82' lang='lat' dir='ltr'>ministrat,</span> <span class='ocrx_word' id='word_1_200' title='bbox 1682 4360 1784 4402; x_wconf 90' lang='lat' dir='ltr'>me</span> <span class='ocrx_word' id='word_1_201' title='bbox 1846 4346 2186 4422; x_wconf 82' lang='lat' dir='ltr'>sequatur3</span> <span class='ocrx_word' id='word_1_202' title='bbox 2254 4343 2321 4400; x_wconf 91' lang='lat' dir='ltr'>et</span> <span class='ocrx_word' id='word_1_203' title='bbox 2372 4335 2481 4399; x_wconf 92' lang='lat' dir='ltr'>ubi</span> <span class='ocrx_word' id='word_1_204' title='bbox 2534 4357 2675 4401; x_wconf 90' lang='lat' dir='ltr'>sum</span> 
     </span>
     <span class='ocr_line' id='line_1_30' title="bbox 2351 4483 2395 4525; baseline 0 0"><span class='ocrx_word' id='word_1_205' title='bbox 2351 4483 2395 4525; x_wconf 85' lang='lat' dir='ltr'><strong>Y</strong></span> 
     </span>
    </p>
   </div>
  </div>
 </body>
</html>
