3226 5116
1099 554 1586 597 .ANGLO·SAXON
1636 555 1901 598 nrrUAL.
2535 540 2655 602 143

352 694 610 780 superni
654 693 933 758 muneris
978 693 1336 758 rudimenta
1382 692 1649 769 donasti,
1693 715 1807 778 per
1847 715 1953 757 eos
1995 694 2299 788 subsidia·
2327 705 2654 780 perpetuae

353 819 574 884 salutis
603 819 950 904 impendas,
980 841 1094 904 per

1269 1018 1315 1080 s'
1357 1036 1718 1079 MATHEUM.

445 1171 563 1254 (l.)
615 1168 693 1233 In
751 1167 861 1231 illo
915 1177 1197 1251 tempore
1257 1165 1420 1229 dixit
1466 1165 1655 1229 Jesus
1715 1166 2042 1251 discipulis
2090 1166 2222 1231 suis
2268 1168 2654 1253 parabolum.

355 1295 505 1361 Fuit
533 1297 722 1360 homo
761 1295 1018 1382 quidam
1061 1315 1325 1380 peregre
1361 1292 1802 1378 proficiscens;
1851 1293 2097 1358 vocavit
2144 1315 2355 1359 servos
2405 1315 2552 1358 suos
2592 1302 2658 1358 et

352 1424 609 1490 tradidit
637 1424 762 1487 illis
794 1424 959 1487 bona
988 1444 1120 1497 sua,
1163 1430 1230 1485 et
1274 1420 1384 1483 uni
1427 1420 1605 1484 dedit
1645 1420 1926 1506 quinque
1976 1422 2232 1497 talenta,
2273 1420 2398 1485 alio
2443 1428 2657 1484 autem

350 1550 495 1626 duo,
544 1549 667 1613 alio
719 1570 867 1613 vero
920 1570 1138 1626 unum,
1183 1546 1526 1634 unicuique
1575 1547 1923 1611 secundum
1968 1547 2287 1633 propriam
2338 1546 2656 1623 virtutem,

351 1685 417 1741 et
468 1675 791 1761 profectus
843 1685 941 1740 est
991 1675 1222 1740 statim.
1313 1674 1541 1740 Habiit
1588 1682 1803 1739 autem
1855 1674 2031 1761 [qui]
2085 1674 2366 1761 quinque
2420 1673 2659 1738 talenta

350 1810 681 1888 acceperat
729 1808 796 1865 et
836 1808 1133 1885 operatus
1174 1809 1272 1864 est
1327 1799 1390 1863 in
1435 1799 1544 1874 eis,
1594 1807 1661 1863 et
1705 1798 1986 1864 lucratus
2032 1808 2131 1864 est
2171 1798 2295 1863 alia
2336 1797 2655 1884 quinque;

351 1927 639 1993 similiter
684 1926 795 2012 qui
833 1926 959 1989 duo
1007 1935 1337 2011 acceperat
1388 1925 1670 1990 lucratus
1718 1933 1817 1990 est
1868 1924 1990 1989 alia
2030 1925 2174 1989 duo.
2266 1924 2400 2000 Qui
2444 1933 2656 1989 autem

350 2076 548 2117 unum
607 2060 939 2138 acceperat
995 2049 1212 2114 abiens
1271 2049 1431 2114 fodit
1488 2049 1554 2113 in
1617 2061 1865 2127 terram,
1927 2050 2258 2115 abscondit
2313 2050 2651 2136 pecuniam

350 2180 610 2245 Domini
655 2178 773 2244 sui.
858 2178 1022 2242 ‘Post
1064 2175 1334 2240 multum
1376 2198 1525 2240 vero
1578 2175 1878 2262 temporis
1932 2176 2106 2241 venit
2154 2175 2471 2242 Dominus
2526 2199 2656 2243 ser-

349 2329 569 2371 vorum
598 2306 869 2381 illorum,
903 2312 970 2367 et
1007 2301 1219 2387 posuit
1257 2301 1563 2367 rationem
1606 2324 1752 2366 cum
1793 2302 1902 2368 eis.
1996 2301 2083 2367 Et
2123 2304 2431 2368 accedens
2479 2306 2654 2391 [qui]

351 2431 633 2517 quinque
663 2429 903 2494 talenta
931 2435 1277 2511 acceperat,
1311 2425 1544 2491 obtulit
1573 2426 1697 2491 alia
1728 2426 2029 2512 quinque,
2067 2426 2302 2507 dicem,
2351 2429 2651 2513 Domine,

350 2556 631 2643 quinque
676 2554 913 2621 talenta
934 2551 1246 2618 tradidisti
1276 2550 1449 2631 mihi,
1477 2574 1644 2628 ecce,
1689 2551 1813 2616 alia
1857 2552 2138 2640 quinque
2179 2558 2654 2643 superlucratus

348 2705 508 2748 sum.
571 2682 687 2746 Ait
707 2682 802 2746 illi
819 2681 1136 2746 Dominus
1158 2681 1315 2767 ejuS,
1338 2679 1540 2765 Euge,
1568 2701 1745 2744 serve
1768 2681 1930 2746 bone
1954 2691 2021 2746 et
2038 2682 2261 2762 fidelis,
2289 2685 2440 2771 quia
2462 2710 2654 2775 super

347 2829 552 2894 pauca
577 2806 755 2872 fuisti
784 2805 1009 2884 fidelis,
1042 2827 1235 2890 supra
1263 2804 1465 2869 multa
1493 2813 1557 2869 te
1589 2804 2002 2884 constituam3
2048 2806 2217 2874 intra
2250 2810 2313 2876 in
2346 2816 2650 2899 gaudium

346 2934 607 2998 Domini
637 2934 751 2999 tui.
844 2933 1135 2999 Accessit
1163 2942 1376 2998 autem
1407 2939 1473 2996 et
1504 2932 1615 3017 qui
1645 2932 1772 2996 duo
1796 2933 2035 2999 talenta
2063 2951 2412 3023 acceperat,
2445 2953 2511 3009 et
2539 2945 2648 3024 ait,

346 3060 640 3135 Domine,
671 3059 798 3123 duo
829 3061 1068 3125 talenta
1099 3060 1411 3125 tradidisti
1452 3060 1626 3136 mihi,
1672 3083 1836 3138 ecce,
1870 3062 1995 3128 alia
2022 3064 2149 3129 duo
2179 3067 2461 3134 lucratus
2490 3092 2646 3137 sum.

346 3185 463 3249 Ait
501 3185 596 3249 illi
634 3185 951 3250 Dominus
988 3186 1144 3270 ejus,
1186 3184 1390 3269 Euge,
1439 3206 1617 3250 serve
1658 3187 1823 3252 bone
1867 3198 1934 3253 et
1985 3190 2206 3271 fidelis,
2258 3195 2407 3281 quia
2458 3218 2654 3282 super

345 3333 549 3399 pauca
576 3311 754 3376 fuisti
784 3310 1006 3387 fidelis,
1040 3332 1232 3396 supra
1259 3310 1461 3374 multa
1491 3320 1554 3377 te
1578 3313 1996 3396 constituam3
2043 3317 2208 3386 intra
2250 3321 2317 3387 in
2346 3322 2649 3407 gaudium

346 3439 608 3505 Domini
638 3439 750 3504 tui.

617 3684 1060 3751 DOMINUS
1109 3684 1489 3764 SALVET,
1540 3685 2021 3768 HONORET,
2072 3691 2362 3773 AMET,

882 3842 1441 3908 ALDHUNUM
1488 3845 2102 3914 ANTISTITEM.

433 4125 550 4209 (1.)
599 4125 873 4191 Lumine
906 4127 1255 4212 splendoris
1286 4129 1399 4207 tui,
1425 4129 1728 4209 Domine,
1778 4154 2142 4218 quesumuS,
2189 4139 2377 4204 corda
2429 4153 2644 4210 nostra

338 4251 664 4329 inlumina,
715 4261 779 4317 et
836 4262 948 4317 tua
979 4303 993 4318 .
1028 4301 1043 4317 .
1079 4304 1091 4317 .
1144 4255 1513 4340 protexione
1559 4244 1728 4323 omni
1763 4267 2061 4346 tempore
2113 4262 2243 4375 vite
2287 4276 2504 4378 nostri}¹
2561 4271 2641 4335 ab

340 4377 505 4442 omni
541 4378 939 4446 infestatione
969 4381 1206 4447 inimici
1235 4382 1467 4449 inlesos
1495 4406 1610 4450 nos
1643 4408 1958 4465 conserva,
1992 4412 2106 4475 per
