3226 5116
1132 546 1600 594 ANeLo-SAXON
1648 547 1914 592 RITUAL.
2551 533 2671 593 139

589 780 922 831 SEQUITUR
968 781 1275 826 SANCTUM
1321 782 1758 826 EVANGELIUM
1804 783 2168 826 SECUNDUM
2214 782 2459 827 LUcAM.

463 921 580 1004 (1.)
632 920 710 987 In
739 921 849 985 illo
879 931 1162 1007 tempore
1193 919 1355 985 dixit
1381 921 1570 985 Jesus
1615 920 1943 1006 discipulis
1979 923 2129 998 suis,
2165 922 2393 986 Ponite
2423 944 2573 1007 ergo
2603 922 2670 986 in

373 1046 665 1113 cordibus
718 1047 939 1115 vestris
997 1069 1126 1111 non
1178 1025 1582 1132 premeditari
1636 1045 2166 1131 quemadmodum
2218 1045 2671 1131 respondeatiS,

375 1196 494 1259 ego
525 1174 693 1238 enim
721 1175 885 1242 dabo
915 1172 1091 1238 vobis
1122 1194 1192 1237 os
1223 1181 1288 1237 et
1319 1170 1712 1256 sapientiam,
1761 1171 1864 1236 cui
1896 1194 2021 1235 non
2052 1181 2354 1258 poterunt
2381 1174 2674 1240 resistere

375 1309 442 1364 et
497 1301 926 1366 contradicere
978 1320 1197 1364 omnes
1249 1298 1587 1363 adversarii
1641 1299 1851 1364 vestri.
1942 1300 2312 1364 Trademini
2364 1311 2578 1367 autem
2638 1326 2677 1368 a

375 1428 742 1514 parentibus
783 1437 849 1492 et
886 1426 1206 1503 fratribus,
1254 1436 1320 1492 et
1364 1426 1649 1512 cognatis
1693 1435 1759 1491 et
1803 1425 2038 1504 amicis,
2076 1436 2141 1491 et
2171 1435 2372 1492 morte
2402 1427 2677 1493 afficient

377 1575 458 1619 ex
488 1553 684 1628 vobis,
717 1562 783 1617 et
805 1552 980 1618 eritis
1010 1552 1153 1617 odio
1181 1552 1472 1617 omnibus
1501 1553 1862 1619 hominibus
1891 1562 2153 1639 propter
2182 1575 2413 1620 nomen
2441 1577 2673 1633 meum,

379 1690 447 1745 et
475 1679 741 1766 capillus
770 1680 850 1744 de
873 1679 1081 1765 capite
1111 1688 1321 1744 vestro
1345 1701 1473 1743 non
1504 1679 1756 1764 peribit.
1852 1680 1928 1744 In
1958 1679 2270 1766 patientia
2297 1689 2507 1746 vestra
2533 1702 2678 1766 pos-

381 1808 666 1873 sidebitis
695 1779 934 1871 animas
966 1816 1221 1874 vestras.

466 1982 483 1999 .
515 1982 531 1999 .
563 1983 579 1999 .
611 1983 627 1999 .
661 1933 1063 1998 Exultabunt
1089 1932 1308 2010 sancti,
1342 1932 1406 1995 in
1436 1932 1639 2017 gloria
1667 1933 2071 1998 laetabuntur.

472 2113 486 2127 .
523 2114 536 2128 .
572 2111 586 2126 .
623 2113 638 2126 .
669 2063 997 2127 Justorum
1029 2058 1258 2124 animae
1289 2058 1355 2120 in
1385 2079 1507 2122 ma.

1382 2266 1466 2307 An
1512 2248 1680 2310 col).

477 2412 594 2494 (1.)
645 2407 941 2483 Domine,
965 2413 1313 2489 martyrum
1334 2404 1701 2470 celebritate
1722 2415 2097 2482 sanctorum,
2126 2427 2491 2493 quesumus,
2522 2427 2685 2470 sem·

382 2558 496 2622 per
525 2536 591 2599 in
623 2556 841 2601 eorum
887 2530 1478 2597 commemoratione
1522 2530 1874 2609 laudemus,
1912 2542 1978 2597 et
2006 2541 2182 2598 tuam
2214 2554 2463 2617 semper
2502 2532 2690 2598 mise-

381 2660 712 2726 ricordiam
742 2659 924 2725 nobis
948 2658 1030 2744 (Ρ)
1079 2658 1568 2744 deprecantibus
1598 2680 2077 2746 consequamur,
2110 2683 2224 2747 per

1120 2867 1194 2908 m
1238 2848 1366 2909 vm?
1418 2865 1623 2911 umus
1666 2866 1979 2910 vmomrs.

475 3009 593 3092 (1.)
642 3008 765 3085 Da,
811 3026 1172 3092 quesumus,
1221 3003 1623 3088 omnipotens
1662 3004 1864 3079 Deus,
1916 3011 1991 3066 ut
2039 3003 2149 3088 qui
2198 3003 2440 3081 beatae,
2495 3004 2684 3081 illius,

378 3131 657 3217 virginiS,
686 3130 788 3194 vel
816 3128 1122 3214 martyris,
1148 3137 1264 3237 tue
1293 3127 1590 3191 natalicia
1620 3126 2012 3192 celebramus
2045 3138 2112 3193 et
2142 3129 2351 3194 anima
2378 3131 2492 3214 (?)·
2520 3179 2535 3193 .
2572 3178 2587 3194 .
2617 3177 2634 3194 .
2669 3181 2684 3195 .

379 3305 396 3322 .
429 3307 442 3322 .
479 3309 493 3323 .
530 3307 545 3323 .
576 3279 757 3323 amur
785 3257 1095 3342 exemplu,
1119 3277 1234 3341 per

1099 3435 1353 3493 LEcT10,
1400 3417 1530 3479 LIB’
1577 3434 1965 3478 SAPIENTIAE.

480 3579 599 3663 (1.)
651 3578 855 3654 Quasi
886 3578 1112 3643 cedrus
1143 3578 1458 3643 exaltatus
1490 3596 1631 3639 sum
1662 3574 1728 3638 in
1753 3572 2019 3649 Liban0,
2046 3580 2112 3637 et
2143 3572 2320 3658 quasi
2352 3596 2685 3660 cypressus

285 3769 290 3773 ,
383 3702 451 3765 in
480 3711 759 3767 montem
793 3704 966 3781 Sion,
1017 3704 1198 3790 quasi
1248 3705 1460 3791 palma
1507 3703 1787 3770 exaltata
1838 3723 1979 3766 sum
2024 3700 2091 3765 in
2139 3702 2362 3779 Cades,
2409 3712 2476 3767 et
2505 3706 2686 3790 quasi

384 3827 693 3913 plantatio
744 3850 907 3894 rosae
958 3830 1025 3894 in
1071 3831 1112 3895 J
1114 3831 1342 3907 ericho,
1396 3828 1576 3916 quasi
1621 3828 1786 3895 oliva
1840 3825 2127 3912 speciosa
2183 3826 2266 3892 in.
2308 3829 2566 3914 campis,
2619 3841 2688 3896 et

386 3957 564 4042 quasi
594 3957 932 4042 plantanus
961 3959 1239 4025 exaltata
1268 3980 1407 4023 sum
1437 3959 1627 4044 juxta
1660 3978 1890 4043 aquam
1925 3954 1993 4019 in
2032 3952 2280 4039 plateis,
2324 3955 2489 4020 sicut
2515 3957 2687 4023 cina-

385 4105 662 4148 momum
693 4094 759 4149 et
779 4086 1095 4172 aspaltum
1125 4086 1542 4152 aromatizans
1574 4084 1831 4149 odorem
1853 4081 2018 4160 dedi,
2047 4081 2226 4167 quasi
2248 4104 2457 4167 myrra
2485 4083 2687 4150 electa

386 4210 531 4276 dedi
565 4211 940 4277 suavitatem
970 4214 1197 4279 odoris.

479 4337 578 4400 R’.
611 4337 914 4404 Dilexisti
937 4339 1269 4424 justitiam,
1301 4348 1367 4404 et
1396 4338 1585 4404 odisti
1613 4337 2032 4423 iniquitatem.
