3226 5116
557 499 677 559 126
1280 539 1285 540 ff
1308 513 1781 559 ANGLo-SAon
1828 512 2095 556 arrum„

1004 740 1245 806 onginnass
1476 741 1778 803 bloedsvngas
1906 747 1956 787 to
2129 739 2238 787 rede

961 826 1313 872 INCIPIUNT
1356 825 1859 868 BENEDIXIONES
1903 824 1991 866 AD
2038 821 2440 867 LECTIONEM.

881 970 971 1031 god
1153 982 1203 1015 es
1317 982 1434 1014 εγιιγ
1541 981 1590 1012 se
1613 964 1679 1012 ise
1776 963 1939 1011 ecelice
2063 960 2108 1038 Π
2227 961 2280 1008 of
2332 960 2602 1022 heghstalde
2633 959 2856 1022 gioenned

641 1033 758 1118 (1.)
809 1032 1008 1107 Deus,
1061 968 1199 1096 {dei
1261 1029 1483 1106 Filius,
1540 1027 1652 1113 qui
1713 1026 1971 1091 odierna
2016 1026 2121 1089 dle
2196 1024 2276 1088 de
2337 1023 2579 1109 virgine
2648 1021 2823 1086 nasci

551 1136 869 1199 gimeodvmad
922 1135 964 1181 ῖε
1092 1135 1274 1211 ςῖωῖὶεα
1466 1147 1572 1180 vsra

552 1199 850 1283 dignatus
881 1206 995 1274 est,
1028 1197 1389 1263 m1seriatur
1416 1194 1660 1270 nostri3
1711 1194 1943 1257 AMEN.

874 1334 965 1395 god
1127 1331 1214 1380 0025
1314 1347 1379 1379 aec
1498 1346 1605 1377 man
1773 1328 1861 1376 soz
1981 1330 2185 1377 acenned
2251 1328 2304 1376 of
2399 1325 2640 1374 hehstalde
2757 1324 2859 1386 γεῖς

644 1399 762 1482 (2.)
811 1397 994 1461 Deus
1074 1417 1261 1460 verus
1320 1402 1386 1458 et
1458 1393 1648 1457 homo
1726 1414 1931 1470 γει-ηε,
1994 1402 2181 1457 natus
2240 1413 2322 1456 ex
2392 1389 2653 1473 virgine,
2740 1409 2857 1451 nos

585 1501 838 1564 gibloedsia

552 1563 904 1629 benedicat.

823 1704 966 1759 cymg
1072 1696 1271 1758 cyninga
1398 1704 1447 1743 to
1493 1758 1506 1771 .
1632 1695 1835 1742 acenned
1933 1695 2035 1758 γεῖς
2149 1697 2189 1755 {5
2205 1695 2392 1758 gihalda
2456 1692 2522 1741 sie
2544 1692 2861 1769 gimeodvmad

649 1761 765 1844 (3.)
818 1760 964 1823 Rex
1055 1780 1278 1844 regum
1360 1758 1401 1821 h
1514 1780 1549 1822 e
1640 1767 1848 1834 natu&
1916 1780 2034 1823 nos
2115 1757 2433 1823 custodire
2505 1757 2834 1842 dlgnetur3

560 1870 792 1933 ΑΜΕΝ.

880 2001 1088 2051 ricsande
1215 2002 1317 2051 mi&
1448 2004 1575 2051 feder
1716 2002 1920 2051 acenned
2017 1998 2074 2049 of
2176 2001 2368 2048 moeder
2490 2000 2601 2048 crist
2762 2000 2864 2063 γεῖς

651 2067 769 2150 (4.)
822 2066 1125 2151 Regnans
1183 2089 1330 2132 cum
1414 2066 1624 2143 Patre,
1721 2075 1911 2130 natus
2000 2085 2083 2128 ex
2148 2073 2371 2140 matre,
2436 2064 2686 2129 Cristus
2744 2085 2861 2128 nos

589 2169 843 2231 gibloedsia

559 2231 895 2297 benedicat
913 2255 930 2310 ;
979 2233 1212 2295 AMEN.

882 2366 1068 2414 haelend
1131 2363 1366 2427 middang’
1436 2365 1600 2413 aeenn'
1678 2363 1734 2412 of
1790 2362 2032 2411 hehstalde
2065 2366 2104 2424 -β
2123 2362 2225 2427 γεῖς
2300 2364 2467 2427 gihaele
2595 2361 2804 2427 ςῖωγοά*

650 2430 768 2514 (5.)
821 2428 1108 2494 Salvator
1137 2427 1376 2506 mundi,
1423 2437 1612 2491 natus
1658 2448 1739 2491 ex
1783 2426 2044 2511 virgine,
2087 2449 2203 2491 nos
2256 2428 2497 2492 salvare
2529 2427 2827 2513 dignetur
2843 2452 2860 2505 ;

560 2543 794 2606 ΑΜΕΝ.

894 2677 1119 2725 eftlesend
1270 2676 1526 2725 mennisees
1611 2692 1786 2738 cynnes
1895 2684 1944 2723 to
1969 2673 2006 2739 f(
2100 2675 2304 2723 acenned
2433 2675 2620 2737 gibalda
2759 2677 2861 2740 γεῖς

651 2741 768 2824 (6.)
821 2740 1214 2825 Redemptor
1264 2739 1525 2803 humani
1571 2739 1823 2823 generis
1873 2738 2061 2803 hodie
2105 2746 2311 2815 natue,
2367 2747 2697 2804 conservet
2745 2762 2861 2804 nos

630 2844 773 2890 driht’

559 2905 876 2970 Dominus
897 2930 914 2982 3
961 2904 1192 2968 AMEN.

814 3041 1108 3103 frmpyrhta
1235 3041 1338 3088 lifes
1433 3040 1638 3088 acenned
1738 3040 1791 3088 of
1908 3000 2137 3087 i1ehstald'
2320 3040 2519 3102 gimilsia
2745 3057 2798 3090 γε

652 3103 770 3188 (7.)
843 3105 1091 3169 Auctor
1203 3104 1371 3182 vitae,
1446 3114 1636 3168 natus
1723 3124 1806 3168 ex
1897 3102 2158 3186 virgine,
2234 3102 2593 3168 miseriatur
2679 3105 2864 3169 nobis

623 3208 766 3255 driht'

558 3270 875 3335 Dominus
892 3295 909 3349 ς
958 3272 1195 3335 ΑΜΕΝ.

882 3407 972 3468 ςοᾱ
1059 3407 1210 3454 sibbes
1277 3418 1311 3466 Ἴ
1424 3403 1566 3478 ,Ιγΐοε
1658 3464 1672 3478 .
1786 3411 1835 3450 to
1853 3400 1890 3466 f(
2018 3406 2180 3451 acenn'
2269 3404 2335 3452 sie
2399 3403 2498 3452 mi&
2644 3404 2736 3452 allv‘

651 3470 767 3554 (8.)
818 3469 1001 3532 Deus
1041 3467 1216 3554 pacis
1262 3477 1329 3530 et
1377 3466 1711 3529 dllexloms
1761 3465 1950 3530 hodie
2001 3477 2207 3544 natus,
2258 3467 2341 3531 sit
2381 3489 2526 3531 eum
2574 3467 2866 3532 omnibus

622 3586 676 3619 VS

556 3633 740 3697 nobis
761 3657 778 3711 ;
825 3634 1057 3698 ΑΜΕΝ.

650 3768 768 3851 (9.)
819 3766 966 3852 Ipse
1019 3788 1135 3831 nos
1185 3765 1519 3832 benedicat
1565 3765 1633 3829 in
1687 3765 1889 3842 terris,
1946 3764 2057 3850 qui
2105 3766 2295 3831 hodie
2346 3767 2520 3832 nasci
2566 3767 2865 3853 dignatus

559 3903 657 3958 est
687 3916 766 3958 ex
797 3893 1038 3979 virgine
1055 3917 1072 3970 ;
1119 3895 1352 3957 ΑΜΕΝ.

1373 4047 1451 4126 ›1‹
1496 4064 1582 4109 DE
1628 4065 2053 4110 EPPIPHANIA.

651 4179 768 4263 (1.)
818 4179 1020 4253 Deus,
1082 4172 1211 4237 Dei
1272 4172 1494 4252 Filius,
1557 4175 1668 4261 qui
1727 4176 2031 4241 hodierna
2088 4176 2191 4241 die
2256 4177 2491 4241 mundo
2562 4198 2867 4262 apparere

557 4305 856 4390 dignatus
887 4310 1001 4380 est,
1032 4297 1391 4364 miseriatur
1419 4299 1657 4379 nostri3
1706 4302 1939 4366 ΑΜΕΝ.
