3226 5116
561 495 683 557 134
1314 515 1784 561 mono-sAon
1831 519 2096 563 nrrnAL.

990 647 1087 709 R'.
1136 645 1213 709 In
1244 646 1450 731 ymnis
1479 659 1545 713 et
1576 649 2079 717 confessionibus
2110 655 2190 718 b&

913 767 923 779 '
984 774 1080 837 V’.
1129 773 1535 860 Ornaverunt
1562 773 1790 840 faciem
1821 779 2044 864 templi

986 901 1087 963 R’.
1135 901 1522 986 Congregati
1552 911 1703 966 sunt
1732 902 1970 970 inimici

983 1026 1081 1089 V’.
1128 1025 1445 1112 Disperge
1475 1026 1620 1091 illos
1653 1027 1719 1091 in
1749 1028 1986 1095 virtute

986 1154 1082 1217 R’.
1129 1153 1315 1218 Dixit
1345 1154 1386 1218 J
1389 1154 1544 1218 udas
1585 1154 1828 1220 Simoni
1858 1157 2038 1223 fratri

984 1281 1082 1344 V’.
1132 1281 1219 1345 Et
1246 1300 1419 1346 nunc
1448 1281 1794 1348 clamemus
1823 1283 1891 1347 in
1922 1285 2166 1350 coelum-

987 1409 1091 1472 R’.
1141 1408 1272 1473 Hic
1300 1417 1399 1473 est
1427 1408 1693 1473 fratrum
1724 1420 1970 1476 amator

982 1501 1085 1599 V’.
1132 1535 1301 1600 Ecce
1332 1557 1521 1621 quam
1551 1536 1789 1600 bonum
1819 1546 1884 1603 et
1914 1560 2105 1624 quam

1387 1758 1494 1818 An'
1532 1777 1717 1820 UNDE
1766 1775 1993 1822 summ,

983 1906 1082 1969 A'.
1131 1904 1480 1989 Adaperiat
1511 1904 1829 1971 Dominus
1860 1930 1969 1972 cor
1998 1919 2279 1975 vestrum

1058 2078 1074 2095 .
1121 2031 1228 2096 Da
1257 2054 1499 2118 pacem,
1530 2034 1828 2110 Domine,
1860 2035 1926 2098 in
1956 2036 2180 2101 diebus
2213 2041 2445 2105 nostris

1063 2205 1079 2222 .
1126 2159 1276 2222 Tua
1306 2169 1404 2224 est
1434 2162 1737 2246 potentia,
1772 2171 1953 2225 tuum
1983 2185 2249 2248 regnum

1063 2333 1079 2349 .
1130 2286 1409 2353 Refulsit
1440 2288 1532 2352 sol
1563 2289 1631 2352 in
1662 2286 1944 2375 clippeos

977 2032 1061 2475 ἒῗξῐξῗξ

1060 2459 1075 2475 .
1124 2412 1420 2497 Lugebat
1450 2423 1664 2478 autem
1693 2415 1734 2479 J
1735 2414 1924 2480 udam
1957 2439 2149 2503 super

1117 2635 1281 2696 R'P'A
1327 2654 1412 2697 m:
1458 2654 1840 2702 Mmomnns
1887 2659 2274 2706 morum-m.

1061 2783 1078 2810 '
1123 2781 1273 2844 Vidi
1303 2778 1651 2848 Dominum
1682 2755 2006 2852 sedentem
2037 2812 2227 2877 super
2258 2794 2481 2859 solium
2514 2818 2593 2861 ex

1059 2953 1077 2972 .
1127 2907 1458 2995 Seraphim
1489 2913 1698 2977 stabat
1728 2935 1919 3000 super
1954 2939 2022 2981 se

1058 3084 1074 3099 .
1121 3034 1377 3121 Aspice,
1413 3038 1707 3117 Domine,
1740 3040 1820 3106 de
1852 3043 2000 3107 sede
2032 3056 2249 3111 sancta

1051 3207 1067 3222 .
1114 3160 1247 3234 Qui
1277 3161 1445 3246 regis
1477 3163 1696 3242 Israel,
1731 3167 1988 3234 intende

1058 3333 1074 3349 .
1123 3287 1377 3372 Aspice,
1411 3289 1705 3367 Domine,
1741 3295 1890 3379 quia
1919 3295 2087 3360 facta
2116 3307 2213 3362 est

1052 3461 1068 3478 .
1116 3415 1249 3489 Qui
1278 3416 1499 3482 dicunt
1529 3419 1849 3487 exinanite

1054 3588 1070 3603 .
1123 3542 1330 3627 Super
1358 3566 1570 3610 muros
1602 3556 1763 3624 tuos,
1793 3548 2159 3615 Hirusalem

1051 3715 1067 3732 .
1115 3669 1250 3743 Qui
1278 3671 1680 3738 reminiscimi
1704 3721 1890 3739 .....

1053 3897 1069 3911 .
1118 3851 1313 3916 Muro
1345 3861 1456 3917 tuo
1486 3854 1855 3939 inexpugna

1049 4022 1065 4039 .
1113 3977 1245 4051 Qui
1275 3977 1442 4062 regis
1469 3978 1683 4056 Israel,
1718 3980 1975 4047 intende

1055 4148 1072 4165 .
1122 4103 1550 4169 Sustinuimus
1580 4127 1822 4190 pacem,
1856 4118 1922 4174 et
1951 4131 2077 4172 non

965 3851 1053 4291 523525
970 2728 1067 3731 ςὲἕςὲἓςὲἕςὲῧ,

1045 4275 1061 4292 .
1111 4219 1518 4296 Peccavimus
1551 4255 1694 4298 cum
1727 4234 2013 4320 patribus
2045 4237 2274 4302 nostris

969 4355 1065 4417 R’.
1117 4354 1304 4421 Misit
1333 4356 1664 4423 Dominus
1680 4360 1974 4444 angelum
2008 4382 2192 4427 suum
