3226 5116
497 509 583 568 84
1262 522 1731 568 auom-sumn
1776 521 2042 566 mrum„

832 663 965 726 giher
1157 663 1301 712 driht'
1474 663 1621 712 beodo
1782 658 1883 710 vsa’
2035 676 2068 724 7
2219 657 2360 722 halig'

587 727 709 809 (4.)
758 726 1028 804 Exaudi,
1073 726 1369 804 Domine,
1420 748 1644 812 preces
1696 734 1965 801 nostras,
2020 733 2089 788 et
2135 732 2495 788 sanctorum
2550 728 2802 805 aposto-

821 829 961 879 {sima
992 847 1095 893 sym
1097 831 1210 878 'tido
1225 828 1296 894 (?)
1777 828 1990 891 gimersia
2171 826 2396 903 gilomlicv
2440 841 2497 873 ve
2510 824 2577 872 sie
2587 824 2802 887 giholpen

492 891 717 968 lorum,
751 914 1023 978 quorum
1067 894 1232 960 festa
1279 831 1669 959 soffmmniter
1685 892 2096 969 celebramus,
2119 889 2437 957 continuis
2457 889 2785 954 foveamur

535 996 727 1044 fvltvmv

496 1059 770 1136 auxiliis,
803 1082 918 1145 per
949 1060 1034 1123 D'

1052 1211 1110 1243 ve
1130 1195 1229 1244 bid
1462 1195 1606 1243 driht·
1801 1194 2046 1272 gileaffvffi
2188 1193 2354 1242 folcvm
2526 1191 2704 1254 hangra

586 1259 706 1341 (5.)
775 1259 900 1336 Da,
962 1280 1326 1345 quesumus,
1395 1258 1696 1337 Domine,
1770 1258 2066 1324 fidelibus
2132 1256 2386 1343 populis
2437 1265 2797 1319 sanctorum

1052 1362 1201 1424 symle
1392 1360 1638 1425 porssmge
1764 1379 1821 1412 ve
1834 1362 2033 1439 giglndia
2086 1376 2119 1424 7
2237 1360 2370 1408 hiora
2577 1360 2673 1407 eoe'

494 1365 924 1511 apostssiorum
1000 1446 1250 1510 semper
1305 1426 1713 1491 veneratione
1792 1424 2015 1503 laetari,
2074 1435 2141 1490 et
2198 1445 2416 1490 eorum
2489 1430 2801 1509 perpetua

686 1529 833 1576 boene
983 1545 1038 1577 ve
1061 1529 1127 1577 sie
1143 1529 1352 1606 trymedo

491 1590 954 1677 supplicatione
1032 1613 1285 1667 muniri,
1395 1613 1511 1677 per
1538 1591 1890 1657 Dominum

836 1742 969 1805 giher
1099 1742 1201 1805 vsig
1342 1744 1434 1806 god
1563 1745 1834 1794 halvoende’
1980 1747 2100 1794 veer'

583 1806 702 1890 (6)
774 1759 1027 1869 Exaudl
1087 1826 1221 1881 1¹08,
1283 1805 1485 1885 Deua
1548 1808 1844 1873 salutaris
1923 1818 2157 1885 noster,
2234 1816 2301 1872 et
2370 1757 2798 1892 apostolorum

565 1907 670 1957 &in'
780 1910 884 1971 vsig
956 1908 1071 1957 scild
1155 1909 1398 1958 fvltvmvm
1546 1910 1666 1960 Sam
1776 1913 1995 1975 gisaldest
2108 1911 2244 1960 triva
2328 1926 2438 1957 voca
2566 1908 2682 1955 larv'
2683 1923 2730 1954 m

491 1981 746 2037 tuorum
775 1993 892 2037 nos
921 1982 1102 2037 tuere
1133 1972 1441 2057 presidiis,
1475 1997 1747 2061 quorum
1778 1975 2027 2041 donasti
2055 1928 2144 2039 ὦ
2099 1974 2276 2040 deles
2305 1994 2443 2039 esse
2472 1968 2794 2045 doctrinis,

487 2160 605 2224 per

766 2309 876 2341 voes
897 2291 966 2341 &v
1095 2294 1240 2341 driht'
1408 2296 1524 2344 folce
1637 2294 1756 2344 &inv
1966 2295 2106 2372 haelg·
2104 2312 2131 2345 e
2296 2309 2329 2357 Ἰ
2431 2290 2634 2341 haldend
2707 2290 2796 2349 ’ΜΘ

579 2354 695 2438 (7.)
776 2356 953 2431 Esto,
1016 2355 1311 2433 Domine,
1372 2357 1545 2442 plebi
1619 2369 1750 2424 tuae
1814 2357 2238 2424 sanctificator
2289 2367 2355 2422 et
2413 2364 2644 2429 custo&
2702 2359 2795 2428 ut,

648 2456 722 2519 ap'
882 2459 1138 2521 gitrymed?
1206 2460 1445 2509 fvltvmvm
1677 2478 1710 2526 7
1733 2479 1871 2540 posa-
2056 2462 2121 2510 δε
2206 2462 2436 2524 gicvoeme
2504 2473 2537 2521 7
2610 2470 2765 2517 01'801'8

487 2520 848 2605 apostolicis
895 2522 1124 2588 muniti
1162 2524 1471 2611 presidiis,
1522 2525 1999 2593 conversatione
2029 2525 2147 2592 tibi
2197 2525 2447 2611 placeat
2477 2530 2543 2588 et
2572 2539 2796 2586 secura

559 2624 716 2686 gihere

488 2687 816 2765 deserviat,
849 2713 966 2777 per
989 2692 1075 2756 D’

1131 2919 1207 2962 IN
1251 2919 1501 2964 VIGILIA
1540 2920 1747 2964 UNIUS
1791 2919 2148 2963 MARTYRIS.

798 3082 933 3145 mdig
1062 3097 1143 3129 ver
1196 3096 1245 3130 se
1262 3079 1328 3128 {Se
1371 3081 1421 3128 in
1552 3087 1714 3143 snytro
1863 3079 1938 3127 his
2025 3079 2252 3156 vnigende
2271 3076 2356 3128 biis
2446 3093 2479 3141 7
2546 3093 2595 3126 se
2616 3075 2682 3125 'Be
2744 3076 2794 3124 in

578 3145 696 3230 (1.)
748 3145 987 3210 Beatus
1038 3144 1152 3221 vir,
1200 3144 1312 3230 qui
1356 3142 1423 3208 in
1476 3141 1791 3229 sapientia
1841 3165 1959 3207 sua
2007 3143 2372 3219 morabitur,
2428 3151 2494 3207 et
2555 3140 2667 3226 qui
2727 3138 2794 3203 in

486 3245 698 3297 sossfaest’
827 3250 1040 3297 smeande
1061 3247 1147 3296 biis
1266 3262 1299 3310 7
1382 3248 1433 3295 in
1499 3248 1669 3310 ondget
1683 3247 1707 3294 1'
1721 3263 1781 3295 on
1794 3246 1915 3295 aoht
1957 3246 2257 3323 gibengende·
2260 3244 2346 3294 bi&
2466 3244 2797 3307 ymbsceavnge

479 3311 730 3397 justitia
773 3311 1199 3387 meditabitur,
1245 3320 1313 3376 et
1362 3310 1432 3374 in
1563 3331 1820 3376 sensum
1988 3308 2293 3395 cogitabit
2377 3306 2795 3392 circumspec-

713 3415 855 3476 godes

489 3477 659 3543 tione
714 3477 860 3542 Dei.

744 3622 1000 3684 giriordade
1076 3622 1187 3670 hine
1271 3622 1396 3670 hlafe
1460 3622 1565 3670 lifes
1632 3638 1665 3686 7
1794 3624 1885 3671 ond
2105 3609 2110 3614 ’
2166 3637 2199 3685 7
2265 3631 2434 3685 poetres
2528 3633 2732 3702 snyttres

580 3685 698 3768 (2.)
744 3638 1006 3750 Cibabit
1037 3684 1221 3749 illum
1250 3707 1415 3771 pane
1445 3686 1580 3749 vite
1627 3696 1694 3750 et
1735 3630 2115 3763 inteffectus,
2160 3695 2226 3752 et
2269 3708 2437 3773 aqua
2464 3689 2795 3775 sapientiae

488 3787 768 3835 halvoendes
819 3789 1064 3851 gidrencde
1129 3789 1239 3837 hine
1353 3804 1387 3853 7
1493 3790 1689 3853 trymed
1702 3789 1788 3839 bis
1853 3792 1903 3838 in
1954 3789 2079 3838 ssaem
2117 3806 2150 3854 7
2216 3806 2275 3839 ne
2374 3791 2459 3840 biis
2482 3793 2683 3857 gifalden
2762 3808 2795 3856 7

492 3849 783 3915 salutaris
812 3852 1060 3938 potabit
1088 3850 1288 3929 illum,
1337 3861 1402 3916 et
1491 3854 1800 3969 rmabitur
1845 3853 1912 3917 in
1950 3853 2061 3918 illo
2098 3865 2165 3918 et
2197 3875 2327 3918 non
2369 3854 2679 3933 flectetur,
2732 3865 2799 3920 et

491 3953 574 4002 biis
597 3954 782 4017 gibalde
803 3956 827 4002 i
924 3955 1034 4004 hine
1163 3971 1197 4020 7
1292 3972 1355 4004 ne
1494 3956 1579 4004 biis
1602 3958 1849 4019 gnscended
1947 3973 1980 4021 7
2110 3957 2280 4007 ahefess
2444 3959 2554 4008 hine
2663 3958 2764 4007 mi&

497 4018 848 4084 continebit
891 4017 1072 4083 illum
1135 4028 1200 4084 et
1252 4041 1381 4084 non
1432 4020 1874 4099 confundetur,
1927 4031 1994 4087 et
2034 4022 2340 4087 exaltabit
2387 4022 2569 4087 illum
2627 4024 2797 4109 apud

492 4120 587 4169 &ae
608 4122 789 4199 gipestv
855 4124 955 4172 sinv
1033 4123 1084 4171 in
1154 4139 1288 4172 nome
1398 4123 1502 4171 isaes
1513 4124 1645 4172 heste
1720 4124 2042 4188 gierfevarssess
2128 4127 2239 4175 hine
2367 4125 2512 4175 driht’
2662 4128 2752 4191 god

493 4186 814 4270 proximos
835 4209 1001 4267 suos,
1026 4186 1093 4252 in
1112 4187 1364 4254 nomine
1394 4196 1652 4255 aeterno
1682 4142 2061 4256 hereditabit
2089 4190 2271 4255 illum
2299 4189 2591 4256 dominus
2614 4191 2798 4258 Deus

494 4305 656 4336 vsel'ne

494 4362 723 4417 noster.
