3226 5116
523 467 649 534 150
1284 483 1755 537 aneto-saxon
1801 485 2067 536 mrum.

519 634 777 714 peracto
826 627 950 707 die,
997 628 1115 695 tibi
1145 630 1473 716 supliciter
1500 630 1736 715 gratias
1767 638 2028 714 agentes
2058 627 2249 693 etiam
2279 645 2464 691 mane
2495 624 2835 712 dignanter

519 752 820 839 respicias
849 765 998 821 vota
1026 756 1359 833 solventeS,
1385 778 1501 843 per

608 879 707 943 V’.
752 877 971 943 Dicite
999 876 1066 941 in
1095 876 1476 954 nationibus,
1508 876 1828 941 Dominus
1857 884 2082 961 regnat
2110 896 2150 939 a
2171 874 2363 961 ligno.

1516 1077 1676 1120 Ama
1719 1056 1847 1120 on’.

612 1217 731 1304 (1.)
782 1215 1078 1282 Concede
1108 1214 1308 1279 solem
1328 1213 1599 1314 justitiae
1646 1237 2014 1300 permanere
2058 1213 2125 1280 in
2166 1216 2461 1282 cordibus
2491 1219 2721 1285 nostris
2749 1221 2834 1285 ad

523 1341 920 1432 repellendas
948 1342 1241 1406 tenebras
1271 1340 1746 1426 cogitationum,
1773 1364 1887 1428 per
1999 1341 2012 1350 '

1438 1541 1593 1584 ALIA
1639 1542 1907 1586 ORATIO.

617 1681 738 1766 (1.)
786 1678 1171 1766 Vespertina
1227 1677 1428 1743 oratio
1478 1686 1696 1742 nostra
1753 1655 2052 1743 ascendat
2109 1679 2189 1743 ad
2240 1702 2426 1747 aures
2479 1683 2837 1749 clementiae

529 1819 678 1916 tuae,
711 1808 988 1874 Domine
1018 1816 1253 1885 sancte,
1291 1809 1482 1872 Pater
1520 1806 1938 1892 omnipotens,
1985 1819 2227 1917 aeterne
2257 1812 2458 1889 Deus,
2496 1822 2564 1879 et
2591 1812 2841 1877 discen-

529 1934 641 2000 dat
697 1932 971 2020 gloriosa
1023 1932 1359 1998 benedixio
1403 1942 1517 1997 tua
1561 1954 1754 2018 super
1804 1956 1940 2012 nos,
1989 1944 2062 1999 ut
2121 1935 2226 2003 hic
2277 1937 2343 2002 in
2388 1948 2716 2017 aeternum,
2772 1947 2840 2003 te

530 2063 899 2140 auxiliante,
933 2083 1184 2146 semper
1214 2061 1420 2127 salvos
1451 2084 1591 2127 esse
1621 2085 1993 2140 mereamur,
2025 2085 2141 2148 per

1015 2245 1278 2312 Ami-'o'
1324 2267 1412 2309 an
1456 2266 1747 2322 cnuch,
1794 2266 1937 2310 CUM
1983 2266 2343 2311 ominosis.

622 2400 742 2486 (1.)
792 2401 1151 2468 Adoramus
1180 2411 1264 2479 te,
1299 2401 1574 2480 Christe,
1630 2403 2059 2469 benedicimus
2107 2403 2243 2482 tibi,
2291 2404 2401 2489 qui
2440 2425 2556 2497 per
2584 2422 2837 2467 crucem

533 2527 709 2596 tuam
739 2527 1061 2595 redemisti
1092 2527 1418 2593 mundum.
2569 2539 2574 2540 ’

622 2652 725 2721 V’.
786 2655 1003 2721 Dicite
1032 2655 1100 2718 in
1130 2654 1511 2720 nationibus.

1462 2856 1618 2900 ALIA
1663 2855 1930 2901 ORATIO.

628 2987 748 3076 (1.)
815 2988 1081 3067 Adest0,
1130 2986 1428 3067 Domine,
1482 2990 1668 3055 Deus
1717 2998 1952 3069 noster,
2012 2994 2080 3057 et
2138 3015 2298 3078 quos
2356 3004 2579 3107 sancte
2635 2997 2847 3063 crucis

536 3118 756 3182 laetare
805 3115 1016 3183 fecisti
1065 3116 1322 3195 honore,
1372 3139 1482 3183 eos
1533 3141 1790 3205 quoque
1836 3119 2162 3206 perpetuis
2201 3120 2469 3188 defende
2522 3122 2840 3201 subsidiis,

537 3267 655 3331 per

629 3373 748 3458 (⁶2.)
800 3371 928 3436 Per
956 3369 1208 3455 signum
1238 3368 1444 3435 crucis
1471 3368 1551 3432 de
1580 3366 1852 3432 inimicis
1882 3367 2115 3433 nostris
2145 3368 2344 3436 libera
2371 3393 2507 3451 nos,
2541 3373 2840 3452 Domine,

424 3530 427 3535 ·
538 3501 720 3565 Deus
749 3506 982 3563 noster.
1072 3495 1168 3559 V'.
1225 3494 1452 3561 Omnis
1480 3503 1651 3560 terra
1677 3496 1895 3559 adorat
1925 3504 2008 3572 te,
2042 3496 2241 3575 Deus,
2274 3499 2503 3584 psallat
2531 3501 2666 3566 tibi.

630 3623 749 3708 (3.)
799 3621 945 3686 OR’.
1024 3618 1364 3704 Perpetua,
1420 3640 1786 3705 quesumus,
1841 3619 2137 3699 Domine,
2194 3631 2307 3689 tua
2363 3646 2521 3710 pace
2574 3626 2841 3703 custodi,

540 3771 700 3837 quos
748 3769 856 3819 san
864 3756 968 3859 ct?
998 3745 1203 3810 crucis
1231 3745 1451 3810 laetare
1492 3745 1700 3810 fecisti
1744 3744 2003 3823 honore,
2050 3749 2189 3834 ejus
2233 3771 2487 3836 quoque
2517 3753 2843 3845 perpetuis

539 3871 806 3938 defende
837 3869 1153 3948 subsidiis,
1178 3886 1299 3955 per‘

1507 4048 1714 4093 amun
1759 4032 1888 4094 [ω’.

630 4190 749 4278 (1.)
800 4189 862 4255 O
886 4209 1044 4253 crux
1096 4186 1448 4265 benedicta,
1496 4210 1623 4273 que
1672 4188 1806 4254 sola
1855 4188 2034 4255 fuisti
2082 4190 2277 4276 digna
2325 4201 2577 4279 portare
2627 4215 2843 4279 regem

537 4320 841 4385 coelorum
871 4325 938 4382 et
965 4313 1332 4379 Dominum.
1424 4315 1652 4381 Omnis
1683 4323 1888 4382 terroe.
