3226 5116
1155 540 1623 585 ANGLo-SAXON
1671 539 1936 583 m'rUAL.
2577 525 2700 585 185

494 679 615 762 (1.)
666 679 1105 765 OmnipotenS,
1146 683 1547 768 sempiternae
1592 683 1794 758 DeuS,
1829 681 1940 768 qui
1983 682 2047 744 in
2088 678 2329 744 meritis
2361 679 2563 744 sancti
2608 681 2703 744 tui

403 803 786 870 Cuthberhti
831 806 1172 871 sacerdotis
1217 829 1464 893 semper
1509 831 1577 873 es
1608 818 1676 873 et
1704 808 1942 895 ubique
1974 808 2296 885 mirabilis,
2333 830 2700 894 quaesumus

396 927 793 1034 clementiam
825 940 1017 1009 tuam,
1053 942 1125 998 ut
1168 935 1332 1000 sicut
1375 936 1434 1000 ei
1480 936 1867 1002 eminentem
1906 937 2171 1022 gloriam
2216 936 2560 1013 contulisti,
2607 939 2700 1001 sic

395 1054 474 1117 ad
504 1058 1007 1143 consequendam
1039 1062 1528 1128 misericordiam
1554 1074 1727 1129 tuam
1760 1066 1897 1148 ejus
1927 1087 2042 1129 nos
2066 1064 2362 1150 precibus
2394 1062 2697 1147 adjuvari,

398 1205 511 1267 per
548 1249 554 1256 ,

487 1312 610 1396 (2.)
659 1314 859 1390 Deus,
895 1314 1002 1399 qui
1033 1336 1149 1378 nos
1182 1324 1540 1378 sanctorum
1589 1325 1842 1380 tuorum
1891 1315 2221 1402 temporali
2253 1314 2492 1380 tribues
2533 1336 2703 1379 com-

389 1440 839 1505 memoratione
885 1442 1179 1525 gaudere,
1230 1453 1483 1527 praesta,
1535 1443 1921 1529 quaesumuS,
1971 1454 2043 1508 ut
2095 1445 2281 1508 beato
2324 1442 2694 1508 Cudberhto

384 1564 682 1648 pontifice
712 1566 1157 1645 intercedente,
1205 1568 1273 1632 in
1316 1591 1392 1634 ea
1430 1592 1840 1635 numeremur
1885 1571 2108 1636 salutis
2154 1571 2219 1634 in
2263 1592 2390 1656 qua
2418 1568 2511 1632 illi
2542 1576 2712 1633 sunt

388 1692 590 1777 gratia
619 1702 731 1759 tua
757 1696 1030 1780 gloriosi,
1065 1717 1179 1781 per

476 1816 614 1895 [Ad
644 1865 660 1880 .
695 1866 708 1881 .
744 1866 757 1880 .
791 1866 807 1883 .
842 1842 941 1897 ne,
999 1842 1038 1906 7
1105 1822 1315 1888 Maria
1377 1845 1416 1909 7
1484 1825 1740 1891 Helena
1801 1845 1840 1909 7
1897 1846 2002 1889 cre
2033 1867 2689 1887 ...........

435 1990 2603 2012 .....................
2609 1950 2639 2023 ]

479 2069 600 2150 (3.)
648 2070 849 2148 Deus,
884 2073 995 2158 qui
1025 2084 1387 2140 sanctorum
1420 2085 1672 2140 tuorum
1713 2076 1986 2140 libenter
2015 2073 2282 2160 suscipis
2313 2074 2690 2149 voluntateS,

382 2196 811 2263 intercedente
863 2201 1050 2264 beato
1085 2202 1455 2267 Cudberhto
1508 2201 1852 2278 sacerdote,
1908 2200 2209 2265 familiam
2264 2209 2458 2277 tuam,
2515 2221 2692 2285 quae-

380 2344 616 2402 sumus,
650 2326 943 2406 Domine,
978 2330 1395 2396 miserationis
1427 2341 1557 2395 tuae
1602 2330 1863 2395 dextera
1893 2352 2141 2415 semper
2172 2339 2237 2393 et
2277 2328 2512 2413 ubique
2546 2349 2690 2413 pro-

383 2462 546 2534 tege,
580 2473 695 2536 per

469 2579 586 2661 (4.)
636 2578 835 2656 Deus,
872 2581 981 2665 qui
1012 2553 1369 2645 sanctorum
1417 2591 1671 2646 tuorum
1715 2590 1872 2665 aput
1914 2579 1977 2644 te
2009 2579 2272 2664 gloriam
2291 2636 2296 2646 ,
2315 2601 2688 2663 permanen-

379 2715 505 2768 tem
538 2701 816 2768 fidelium
853 2701 1009 2766 facis
1060 2702 1394 2766 devotione
1443 2702 1808 2780 clarescere,
1858 2712 2111 2785 praesta,
2169 2723 2555 2786 quaesumus,
2612 2710 2684 2765 ut

298 2802 301 2803 ⁷
376 2831 598 2895 beatus
663 2828 1072 2894 Cudberhtus
1146 2830 1558 2916 sequentibus
1630 2830 1750 2894 sibi
1824 2829 2132 2894 beneficia
2180 2828 2517 2914 dignanter
2567 2829 2685 2893 im-

373 2958 627 3041 pendat,
661 2967 725 3021 et
755 2980 869 3041 pro
900 2959 1136 3042 populo
1167 2971 1279 3022 tuo
1307 2959 1687 3023 intercessor
1716 2957 1964 3032 existat,
1997 2978 2113 3040 per
2142 2954 2493 3019 Dominum

464 3204 560 3268 Be
596 3202 813 3268 Subari
843 3202 1131 3298 pudigan
1165 3205 1354 3267 Gaete
1379 3211 1466 3266 aet
1515 3201 1733 3266 A'clee
1780 3223 1861 3265 on
1901 3210 2055 3297 pest
2103 3202 2363 3267 Saexum
2394 3226 2477 3268 on
2509 3205 2683 3270 Lau-

373 3331 614 3396 rentius
636 3352 903 3395 maessan
923 3330 1109 3415 daegi
1132 3329 1213 3416 (Ρ)
1242 3352 1324 3393 on
1346 3329 1599 3421 podnes
1623 3328 1790 3413 daegi
1815 3328 2093 3413 AElfsige
2126 3327 2292 3393 baem
2320 3328 2581 3415 biscope
2612 3330 2680 3394 in

371 3459 471 3524 his
522 3458 774 3544 getelde
808 3457 1045 3522 Aldred
1095 3479 1163 3522 se
1210 3457 1446 3542 profast
1501 3455 1612 3521 bas
1664 3456 1879 3542 seoper
1938 3456 2221 3522 collectae
2268 3478 2351 3520 on
2390 3456 2466 3519 fif
2502 3457 2678 3520 naeht

371 3583 621 3663 ald[ne]
651 3606 839 3648 mona
868 3605 959 3648 aer
990 3584 1271 3650 underne
1302 3594 1496 3674 aprat.

455 3863 572 3946 (1.)
624 3861 811 3938 Ecce,
845 3882 1074 3925 nomen
1106 3860 1383 3925 Domini.
1447 3860 1637 3937 Ecce,
1677 3858 1849 3924 venit
1878 3880 2007 3922 rex.
2103 3857 2206 3922 R’.
2256 3857 2593 3943 Aspiciens
2632 3880 2670 3923 a

363 3989 566 4074 longe.
656 3991 754 4053 V’.
801 3989 1060 4074 Quique
1104 3986 1441 4073 terriginae.
1532 3987 1631 4048 V'.
1680 3985 1813 4060 Qui
1839 3984 2007 4071 regis
2054 3983 2269 4048 Israel.
2365 3982 2461 4044 V'.
2508 3981 2665 4045 Tol-

363 4114 475 4179 lite
505 4123 735 4200 portaS.
832 4115 930 4177 R'.
964 4113 1386 4199 Aspiciebam.
1480 4113 1576 4176 V'.
1610 4112 1801 4189 Ecce,
1833 4111 2202 4177 dominator.
2297 4108 2396 4171 R'.
2419 4108 2664 4197 Missus

363 4253 461 4308 est
490 4243 769 4307 Gabriel.
859 4242 958 4304 V'.
1006 4242 1146 4304 Ave
1172 4240 1406 4304 Maria.
1501 4239 1599 4303 R'.
1634 4239 1773 4303 Ave
1801 4237 2026 4302 Maria.
2117 4237 2214 4299 V'.
2247 4234 2487 4299 Tollite
2518 4257 2664 4320 por-

361 4379 473 4435 tas,
570 4370 667 4433 R’.
719 4369 1121 4435 Salvatorem.
1225 4369 1319 4431 V'.
1348 4367 1877 4451 Preoccupemus.
1973 4365 2068 4429 R'.
2106 4363 2344 4427 Audite
2374 4364 2657 4427 verbum.

2277 4495 2317 4553 2
2361 4511 2402 4553 B
