3226 5116
516 509 651 569 2132

1284 525 1751 569 ANGLo-SAXON
1800 527 2065 571 RITUAL.

1222 667 1371 740 Quo
1404 676 1466 731 te
1497 675 1837 750 sequentes
1869 665 2164 729 omnibus
2257 679 2262 682 “

1132 791 1390 854 Morum
1423 811 1720 875 processu
1753 790 1952 895 seculi

1129 917 1451 982 Adversus
1481 938 1667 981 omne
1699 915 2064 981 scandalum

1125 1045 1351 1110 Crucis
1380 1045 1656 1110 feramus
1687 1044 1990 1108 labarum.

1215 1226 1460 1338 Presta,
1500 1227 1707 1301 Pater,
1741 1247 1856 1310 per
1889 1224 2141 1299 Filium,

1129 1353 1356 1461 presta
1387 1376 1499 1439 per
1529 1353 1765 1417 almum
1800 1351 2126 1436 Spiritum,

1126 1482 1291 1545 Cum
1322 1481 1421 1544 his
1453 1502 1564 1564 per
1594 1500 1778 1544 evum
1811 1477 2043 1562 triplici

1134 1605 1320 1667 Unus
1352 1605 1532 1668 Deus
1563 1603 1974 1688 cognomine3
2025 1605 2254 1665 ΑΜΕΝ.

1407 1876 1595 1954 ΒΕΡἿΑ
1644 1896 1728 1938 m:
1775 1896 1952 1938 rom.

1127 2034 1306 2109 Peto,
1341 2033 1636 2109 Domine,
1670 2043 1744 2097 ut
1773 2034 1851 2098 de
1882 2032 2132 2097 vincula

1131 2160 1264 2234 Qui
1294 2161 1461 2245 regis
1497 2160 1713 2235 Israel,
1748 2160 2007 2224 intende

1122 2284 1315 2348 Omni
1348 2295 1631 2368 tempore
1663 2283 1946 2359 benedic,
1984 2285 2168 2347 Deus

1126 2408 1377 2473 Memor
1409 2418 1544 2473 esto
1574 2408 1688 2471 filii
1721 2429 1910 2493 quem
1941 2429 2056 2492 par

1124 2534 1377 2600 Memor
1412 2545 1548 2599 esto
1578 2533 1713 2611 filii,
1750 2555 1939 2620 quem

1118 2661 1218 2722 V’.
1270 2660 1532 2723 Fiducia
1562 2658 1791 2743 magne
1820 2670 1917 2723 est

1122 2787 1218 2851 R’.
1272 2786 1635 2850 Sufficiebat
1665 2786 1845 2849 nobis

1118 2910 1213 2971 V'.
1262 2909 1413 2973 Heu
1444 2931 1544 2973 me
1574 2908 1775 2972 filium
1806 2918 2005 2995 utque

1123 3037 1225 3100 R’.
1274 3036 1645 3102 Benedicite
1678 3036 2025 3101 Dominum
2056 3036 2199 3100 coeli

1124 3166 1216 3229 V'.
1267 3166 1331 3229 T
1332 3188 1554 3251 empus
1585 3175 1682 3230 est
1714 3174 1786 3229 ut
1813 3174 2090 3228 revertar

1123 3291 1219 3354 R’.
1268 3291 1553 3375 Tempus
1585 3301 1684 3355 est
1712 3299 1786 3354 ut
1815 3310 2062 3353 reverer

1120 3418 1217 3481 V’.
1266 3416 1637 3481 Benedicite
1670 3415 2018 3479 Dominum
2041 3413 2186 3478 coeli

1376 3688 1485 3748 ,ω’
1524 3704 1708 3747 UNDE
1756 3705 1986 3761 summ.

1200 3892 1216 3907 .
1264 3845 1366 3908 Ne
1396 3843 1836 3919 reminiscariS,
1870 3843 2146 3907 Domine

1205 4016 1221 4032 .
1270 3968 1465 4034 Omni
1498 3978 1780 4052 tempore
1812 3968 2077 4032 benedic

1201 4144 1217 4161 .
1267 4097 1521 4160 Memor
1551 4105 1687 4160 esto
1713 4070 1827 4159 filii
1861 4119 2048 4182 quem

1117 3845 1203 4289 ἧέῗίἷξ

1199 4271 1213 4289 .
1264 4225 1549 4310 Tempus
1580 4235 1678 4290 est
1708 4235 1780 4289 ut
1810 4233 2086 4289 revertar
