3226 5116
576 521 700 579 144
1338 530 1807 575 Aucto-SAon
1858 530 2123 574 arrum„

1631 827 1806 870 ama,

657 938 776 1022 (1.)
827 936 904 999 In
932 936 1053 1000 hac
1082 934 1285 1020 prima
1315 933 1443 998 diei
1473 933 1646 1010 hora,
1680 955 2047 1019 quesumus,
2081 932 2379 1010 Domine,
2413 941 2526 998 tua
2553 954 2669 998 nos
2708 934 2884 1019 reple

562 1063 1004 1140 misericordia,
1038 1072 1110 1127 ut
1140 1083 1255 1148 per
1278 1071 1477 1126 totam
1500 1060 1670 1125 diem
1695 1061 2059 1127 exultantes
2089 1061 2156 1125 in
2189 1060 2317 1126 tuis
2348 1059 2646 1126 laudibus
2667 1060 2883 1126 delec-

566 1203 790 1267 temur,
823 1211 940 1276 per

1476 1344 1661 1413 norm
1704 1345 1969 1389 Tnn'rrA.

654 1462 774 1545 (1.)
824 1460 975 1524 Tibi
1007 1458 1403 1524 subnexibus
1433 1459 1749 1544 precibuS,
1783 1460 2041 1526 Christo
2072 1460 2371 1538 Domin0,
2424 1456 2879 1544 supplicamus,

564 1587 675 1673 qui
724 1587 879 1653 hora
907 1587 1034 1652 diei
1080 1586 1269 1652 tertia
1321 1585 1630 1670 Spiritum
1667 1587 1971 1653 Sanctum
2022 1587 2326 1674 apostolis
2374 1585 2501 1651 tuis
2552 1584 2882 1650 orantibus

561 1713 842 1790 emisisti,
891 1714 1176 1800 ejusdem
1228 1711 1498 1798 gratiam
1569 1712 2163 1799 participationibus
2223 1713 2408 1779 nobis
2467 1709 2882 1799 poscentibus

552 1839 779 1923 jubeas
812 1839 1094 1917 concedi,
1119 1840 1276 1905 Jesu
1301 1838 1576 1916 Christe,
1613 1860 1730 1924 per

1356 2059 1605 2105 omme
1651 2060 1739 2103 An
1785 2061 2068 2105 snx'rAM.

648 2177 765 2261 (1.)
815 2175 1091 2241 Domine
1120 2176 1277 2241 Jesu
1310 2175 1585 2252 Christe,
1619 2174 1730 2261 qui
1760 2176 1963 2241 multa
1990 2175 2304 2242 mirabilia
2332 2177 2539 2245 fecisti
2580 2190 2648 2246 et
2693 2190 2877 2246 sexta

558 2301 713 2367 hora
740 2325 855 2388 pro
884 2303 1065 2368 nobis
1110 2303 1177 2366 in
1225 2324 1413 2367 cruce
1461 2300 1822 2377 ascendisti,
1868 2310 1934 2366 et
1981 2301 2190 2366 Adam
2234 2302 2314 2367 de
2359 2303 2618 2398 inferno·
2651 2307 2877 2373 eruisti

556 2451 831 2517 eumque
880 2430 947 2494 in
998 2429 1290 2516 paradiso
1343 2428 1696 2506 restituisti,
1752 2450 2098 2515 quesumus
2159 2438 2241 2507 te,
2307 2440 2380 2496 ut
2449 2434 2529 2497 ab
2578 2435 2874 2500 omnibus

556 2557 834 2643 peccatis
864 2558 1095 2625 nostris
1142 2556 1387 2644 eripere
1439 2578 1556 2622 nos
1595 2556 1842 2642 jubeas,
1897 2566 1964 2622 et
2009 2555 2073 2621 in
2127 2556 2424 2642 operibus
2466 2560 2593 2626 tuis
2638 2563 2876 2627 sanctis

555 2706 803 2771 semper
830 2688 1169 2765 custodias,
1201 2689 1359 2753 Jesu
1390 2686 1666 2762 Christe,
1699 2708 1815 2771 per

1371 2915 1624 2960 omn-10
1668 2916 1757 2958 An
1803 2915 2068 2960 NONAM.

646 3032 764 3118 (1.)
816 3030 1004 3097 Nona
1031 3029 1227 3116 igitur
1273 3030 1399 3096 diei
1446 3031 1602 3097 hora
1654 3031 1735 3096 ad
1785 3040 1866 3109 te,
1912 3029 2209 3107 Domine,
2263 3030 2505 3098 directa
2551 3032 2872 3118 supplica-

556 3161 745 3239 tione,
783 3181 907 3247 que
955 3157 1305 3225 cultoribus
1353 3158 1481 3224 tuis
1532 3157 1746 3223 divina
1791 3165 2222 3225 monstrantur
2265 3157 2586 3236 miracula,
2656 3169 2875 3225 nostra

556 3309 809 3375 quoque
841 3308 1060 3352 eorum
1090 3285 1445 3355 imitatione
1476 3286 1667 3353 corda
1695 3284 1979 3370 purifica,
2013 3306 2129 3370 per

1204 3518 1453 3561 omn-10
1497 3518 1585 3560 An
1632 3517 2189 3562 comum-omum.

643 3630 762 3713 (1.)
813 3628 1150 3708 Inlumina,
1176 3630 1474 3708 Domine,
1500 3631 1837 3696 tenebrosa
1866 3628 2054 3693 corda
2079 3636 2313 3706 nostra,
2346 3637 2413 3693 et
2436 3629 2634 3695 totius
2664 3629 2871 3695 noctis

528 3754 811 3820 ‘insidias
841 3753 1079 3820 inimici
1109 3765 1182 3821 tu
1210 3755 1467 3842 repelle,
1500 3765 1592 3833 ut,
1642 3763 1706 3820 te
1750 3761 2143 3840 protegente,
2187 3754 2269 3818 ad
2308 3776 2598 3822 auroram
2635 3757 2868 3823 iterum

551 3888 763 3946 mente
794 3889 861 3945 et
890 3903 1151 3968 corpore
1180 3883 1528 3948 incolomes
1558 3879 1889 3966 pervenire
1919 3901 2292 3959 mereamur,
2324 3902 2440 3967 per

1620 4104 1793 4148 ALIA.

643 4227 762 4312 (1.)
812 4225 1085 4289 Noctem
1142 4222 1307 4287 hanc
1369 4220 1680 4287 inlumina
1746 4222 2067 4289 mentibus
2125 4224 2379 4303 nostris,
2442 4225 2864 4312 omnipotens,

502 4444 509 4451 .
553 4364 775 4465 eterne
806 4352 1006 4428 Deus,
1041 4359 1105 4414 et
1146 4349 1321 4416 effice
1361 4370 1476 4414 nos
1515 4349 1787 4416 famulos
1828 4360 1973 4418 tuos
2002 4351 2275 4418 dormire
2306 4352 2441 4418 sine
2472 4355 2862 4432 criminibus,
