3226 5116
1138 520 1603 566 ANGLO-SAXON
1654 522 1918 573 RITUM„

1238 772 1401 833 R’P'A
1447 789 1532 831 DE
1577 787 1849 831 Jum'rn.

980 906 1078 969 R’.
1130 901 1379 967 Adonai
1410 899 1686 965 Domine
1718 900 1900 963 Deus
1919 899 2177 983 'magnae

1057 1077 1073 1093 .
1121 1027 1255 1103 Qui
1286 1027 1452 1111 regis
1485 1024 1705 1101 Israel,
1736 1023 1914 1088 inten

1061 1205 1074 1219 .
1123 1152 1597 1219 Tribulationes
1630 1150 1750 1214 civi

1056 1328 1073 1345 .
1122 1279 1529 1345 Peccavimus
1558 1299 1702 1342 eum
1733 1275 2019 1362 patribus

1065 1452 1081 1467 .
1131 1402 1471 1467 Benedixit
1504 1411 1566 1466 te
1597 1401 1914 1466 Dominus

1059 1576 1077 1593 .
1124 1528 1257 1603 Qui
1285 1528 1452 1612 regis
1486 1527 1686 1591 Israel

1061 1704 1077 1722 .
1125 1656 1262 1720 Nos
1293 1655 1486 1719 alium
1516 1655 1731 1718 Deum
1760 1676 1874 1718 nes

1059 1830 1073 1848 .
1121 1782 1255 1857 Qui
1284 1781 1451 1865 regis
1483 1781 1685 1845 Israel

1058 1956 1075 1972 .
1125 1908 1549 1973 Recordarem
1579 1906 1658 1983 ei,
1689 1904 1965 1969 Domine

1061 2083 1077 2101 .
1127 2036 1405 2119 Exurge,
1441 2033 1734 2109 Domine,
1767 2032 2018 2117 adjutor

1057 2208 1075 2226 .
1122 2161 1498 2226 Dominator
1529 2158 1808 2223 Domine

1057 2334 1072 2350 .
1122 2287 1253 2362 Qui
1282 2285 1451 2370 regis
1483 2285 1682 2349 Israel

1036 2414 1072 2475 '.
1092 2487 1097 2488 ⁷
1121 2410 1332 2474 Allide
1361 2408 1595 2472 virtute

975 1031 1061 2475 <ςεεςεεςῆςπεςεες

1215 2608 1319 2671 AN'
1355 2625 1539 2668 UNDE
1587 2623 1816 2668 SUPRA.

1056 2790 1072 2806 .
1121 2741 1371 2807 Adonai
1402 2740 1679 2805 Domine
1710 2740 1892 2803 Deus

975 2745 1054 2934 ³³2²:

1058 2918 1074 2934 .
1121 2871 1246 2946 Tu,
1280 2869 1574 2943 Domine,
1608 2866 1712 2932 eui
1742 2863 2077 2930 humilium
2167 2927 2172 2930 .

1085 3089 1218 3150 RI'A
1264 3108 1349 3149 DE
1396 3105 1931 3150 MACHABEORUM.

883 3263 901 3280 .
948 3216 1295 3301 Adaperiat
1324 3216 1641 3280 Dominus
1672 3238 1780 3281 eor
1807 3226 2084 3281 vestrum
2115 3229 2182 3285 et
2210 3220 2275 3284 in

881 3391 897 3407 .
946 3342 1267 3406 Exaudiat
1298 3342 1611 3406 Dominus
1644 3342 1955 3408 orationes
1985 3355 2231 3410 nostras

886 3516 902 3533 .
949 3469 1097 3533 Tua
1125 3477 1223 3533 est
1251 3468 1552 3554 potentia,
1587 3478 1769 3533 tuum
1798 3492 2065 3554 regnum

883 3643 898 3658 .
947 3594 1081 3669 Qui
1109 3595 1277 3680 regis
1310 3595 1528 3671 Israel,
1562 3595 1826 3660 intende

893 3770 908 3783 .
959 3721 1235 3786 Refulsit
1264 3721 1360 3785 sol
1388 3721 1454 3784 in
1484 3721 1753 3806 clippeis
1788 3724 1994 3787 aureis

882 3899 897 3915 .
944 3848 1356 3933 Disrumpam
1388 3847 1640 3911 vincula
1668 3848 1890 3933 populi

882 4021 898 4038 .
945 3975 1264 4061 Impetum
1293 3974 1689 4040 inimicorum
1719 3997 1800 4039 ne
1831 3975 2029 4041 timue

798 3219 891 4164 5294'23522529

884 4149 900 4165 .
947 4101 1278 4168 Memento
1310 4113 1373 4167 te
1404 4102 1784 4166 mirabilium
1814 4103 1952 4187 ejus
2041 4136 2042 4139 ¹

806 4228 902 4292 R'.
951 4228 1356 4292 ornaverunt
1385 4227 1607 4292 faciem
1642 4226 1862 4311 templi
1893 4249 2100 4294 coram

810 4355 907 4419 V'.
958 4354 1034 4418 In
1066 4355 1269 4440 ymnis
1303 4364 1368 4420 et
1399 4352 1898 4449 confessionibus

2556 508 2675 570 133
