3226 5116
1189 514 1659 561 ANoLo-sAon
1706 520 1970 563 m'rUAL.
2596 504 2716 569 129

504 647 625 731 (3.)
681 648 928 714 Sanctis
959 650 1511 734 intercedentibus,
1549 657 1825 736 Christe,
1852 639 2103 724 tuorum
2147 657 2385 735 electis,
2418 679 2716 727 succurre¹
2771 713 2774 716 ¹

410 771 592 837 nobis
621 774 1018 862 omnipotens
1047 779 1383 845 Dominus.

1126 1022 1529 1067 BENEmc'rro
1575 1022 1697 1068 LAc
1743 1023 1782 1091 7
1830 1024 1990 1067 MEL.

497 1178 617 1263 (1.)
687 1177 984 1254 Benedic,
1034 1180 1328 1256 Domine,
1384 1191 1449 1247 et
1500 1182 1612 1247 has
1663 1165 1981 1248 creaturas
2029 1180 2223 1246 fontis
2283 1188 2349 1245 et
2397 1178 2580 1246 lactis
2639 1189 2705 1245 et

404 1302 627 1381 mellis,
685 1313 752 1369 et
800 1315 952 1389 pota
1000 1305 1272 1372 famulos
1325 1318 1468 1373 tuos
1522 1308 1600 1373 de
1648 1310 1770 1373 hoc
1820 1309 1997 1373 fonte
2050 1328 2344 1394 perenne,
2379 1307 2549 1391 quod
2608 1316 2707 1371 est

405 1428 665 1514 spiritus
706 1430 1008 1508 veritatis,
1061 1443 1126 1498 et
1174 1435 1383 1499 enutri
1437 1458 1545 1501 eos
1598 1437 1679 1500 de
1737 1436 1875 1515 hoc¹
1907 1435 2096 1499 melle
2125 1443 2191 1498 et
2241 1432 2422 1498 lacte.
2471 1437 2549 1516 ›1‹
2595 1434 2703 1498 Tu

401 1555 587 1633 enim,
621 1556 916 1635 Domine,
949 1580 1065 1643 pro
1107 1560 1311 1623 crucis
1341 1568 1473 1623 tuae
1519 1558 1630 1644 qui
1660 1582 1774 1623 nos
1803 1557 2126 1624 redemisti
2155 1558 2541 1642 portavimus
2572 1569 2702 1624 tam

398 1680 464 1745 in
509 1683 713 1749 fronte
744 1667 931 1772 quam
954 1690 1032 1769 ›1‹
1054 1686 1121 1750 in
1152 1686 1338 1753 corde
1376 1696 1594 1752 contra
1640 1686 1906 1752 astutias
1954 1685 2192 1750 inimici
2222 1684 2523 1750 vexillum
2555 1686 2703 1752 fidei

397 1818 464 1874 et
521 1811 802 1877 veritatis
859 1814 939 1878 ad
997 1824 1275 1878 nostram
1318 1814 1606 1890 salutem,
1664 1813 1813 1898 quia
1864 1811 2145 1898 proinde,
2204 1811 2498 1888 Domine,
2547 1833 2697 1898 sup·

396 1934 601 1999 liciter
650 1946 713 2002 te
772 1959 1069 2023 rogamus
1118 1940 1367 2024 signum
1393 1942 1471 2021 ›1‹
1501 1947 1739 2003 sanctae
1789 1938 1993 2003 crucis
2042 1947 2171 2001 tuae
2225 1947 2291 2003 et
2344 1938 2592 2023 signum
2619 1942 2697 2021 ›1‹

396 2061 748 2128 sanctitatis
777 2072 926 2129 tuae.
1022 2064 1287 2149 Signum
1308 2068 1386 2147 ›1‹
1411 2065 1539 2130 Dei
1570 2064 1713 2128 vivi.
1796 2064 2060 2149 Signum
2078 2067 2156 2146 ›1‹
2181 2073 2443 2129 aeternae
2464 2066 2703 2130 salutis.

397 2186 662 2272 Signum
694 2193 772 2272 ›1‹
815 2191 1022 2256 beatae
1084 2191 1436 2257 Trinitatis.
1560 2191 1829 2275 Signum
1889 2193 1967 2272 ›1‹
2016 2190 2238 2275 gloriae
2275 2172 2281 2176 ¹
2319 2190 2691 2255 coelestium.

395 2314 660 2400 Signum
687 2320 765 2399 ›1‹
799 2318 1140 2383 Salvatoris
1187 2318 1424 2382 domini
1463 2317 1663 2382 nostri
1706 2317 1747 2382 J
1749 2337 1863 2381 esu
1895 2315 2154 2382 Christi.
2249 2319 2428 2382 Crux
2449 2321 2527 2400 ›1‹
2561 2319 2698 2383 Sal-

386 2442 619 2507 vatoris
650 2442 891 2508 Christi
912 2444 1407 2529 patriarcharum
1429 2447 1524 2526 »1«.
1574 2445 1750 2509 Crux
1777 2447 1855 2526 *1⁴
1876 2442 2343 2528 prophetarum.
2419 2445 2592 2509 Crux
2614 2449 2692 2528 ›1‹

389 2571 835 2655 apostolorum.
902 2573 1078 2637 Crux
1099 2576 1177 2655 ›1‹
1196 2581 1556 2657 martyrum.
1615 2573 1793 2637 Crux
1813 2575 1891 2654 ›1‹
1913 2569 2359 2634 confessorum.
2417 2571 2593 2635 Crux
2618 2576 2696 2655 ›1‹

390 2696 791 2796 eclessiarum
823 2699 967 2764 Dei.
1061 2701 1237 2765 Crux
1263 2703 1341 2782 ›1‹
1365 2699 1800 2764 universorum
1850 2695 2241 2763 credentium
2300 2695 2366 2759 in
2411 2707 2692 2762 sanctam

387 2822 768 2891 Trinitatem
789 2847 864 2891 ac
891 2825 1253 2911 perfectam.
1304 2825 1429 2902 Tu,
1456 2824 1751 2901 Domine,
1777 2846 1846 2888 es
1870 2822 1980 2908 qui
2002 2822 2114 2887 das
2133 2821 2390 2900 animas,
2423 2824 2503 2889 da
2525 2824 2689 2890 salu-

386 2958 531 3015 tem.
626 2952 751 3016 Per
780 2952 1030 3036 signum
1058 2956 1136 3035 ›1‹
1167 2951 1370 3018 crucis
1402 2962 1551 3028 tuae,
1597 2960 1672 3015 ut
1702 2950 1769 3014 in
1798 2949 1953 3014 locis
1983 2972 2058 3015 ac
2086 2950 2377 3015 domibus
2407 2951 2687 3021 fidelium

386 3075 495 3139 ubi
526 3097 677 3140 crux
714 3081 792 3160 ›1‹
822 3078 945 3143 ista
973 3088 1340 3164 permaneat
1384 3080 1686 3163 fugantur
1721 3078 2036 3153 demones,
2081 3088 2146 3142 et
2190 3078 2523 3143 inmundos
2565 3079 2691 3165 spi-

385 3201 545 3267 ritus
589 3224 664 3268 ac
721 3204 1073 3288 pestiferos,
1135 3204 1415 3291 expellet
1474 3204 1760 3268 inimicos
1831 3206 2227 3290 morbosque,
2303 3215 2558 3271 careant
2620 3217 2686 3270 et
2753 3254 2757 3261 .

381 3326 668 3391 inmundi
720 3328 978 3414 spiritus
1025 3328 1288 3393 adversa
1333 3338 1648 3415 potestate
1697 3328 2070 3412 cognatione
2115 3338 2246 3395 tuae
2287 3330 2572 3416 depulsae
2614 3341 2686 3396 et

382 3453 614 3519 virtute
661 3454 1115 3520 benedictionis
1167 3465 1296 3520 tuae
1351 3455 1449 3520 sit.
1543 3453 1894 3568 Benedicte
1925 3458 2003 3537 ›1‹
2034 3455 2424 3521 sanctificata
2474 3457 2681 3543 adque

382 3580 686 3646 mundata
714 3590 788 3645 ut
816 3580 882 3644 in
914 3602 1313 3668 quocumque
1365 3581 1503 3645 loco
1550 3579 1680 3644 fixa
1725 3588 1977 3645 maneat
2030 3590 2095 3645 et
2145 3581 2212 3645 in
2257 3580 2510 3647 nomine
2570 3592 2682 3648 tuo

381 3727 598 3772 omnes
627 3729 821 3773 vanos
853 3716 1122 3774 terrores
1145 3731 1258 3773 seu
1287 3707 1664 3773 meridianos
1695 3706 1902 3792 adque
1925 3716 2287 3785 nocturnos,
2330 3698 2681 3773 animarum

377 3856 632 3899 suarum
668 3845 735 3900 et
774 3857 1107 3924 corporum
1139 3845 1205 3901 et
1234 3837 1465 3923 pignus
1517 3834 1867 3920 spelndoris
1915 3856 1989 3899 ac
2041 3844 2301 3900 aeternae
2331 3835 2683 3902 dulcedinis
2781 3926 2786 3931 .

377 3959 860 4043 promissionum
914 3972 1165 4027 tuarum
1218 3962 1400 4028 mitte
1452 3962 1519 4026 in
1565 3984 1673 4038 ea3
1727 3961 2003 4048 petimus
2057 3961 2350 4047 spiritum
2394 3972 2680 4029 sanctum

376 4092 559 4150 tuum
593 4087 1012 4168 Paracletum,
1046 4090 1157 4177 qui
1188 4100 1253 4155 et
1283 4090 1427 4156 illos
1459 4090 1569 4174 qui
1598 4089 1718 4154 ho'c
1740 4088 2134 4174 gustaverint
2161 4087 2495 4153 dulcedine
2526 4089 2684 4154 cari-

377 4211 526 4276 tatis
560 4221 691 4279 tuae
720 4215 982 4282 fervoris
1014 4217 1333 4295 accendat,
1371 4227 1438 4282 et
1466 4216 1643 4282 albor
1682 4215 2034 4282 sanctitatis
2056 4215 2123 4279 in
2153 4212 2464 4305 munditia
2491 4236 2683 4315 super

2388 4356 2419 4403 s
